2917 4767
711 341 746 387 T.
771 340 868 388 LlVll

394 483 429 551 si,
444 490 532 559 atque
545 478 614 539 inde
631 479 714 538 littus
734 478 844 538 Sicilire
860 477 998 537 dextrum
1014 478 1149 555 legentes
1165 482 1292 555 practer
1306 471 1370 530 Pa·

394 578 523 657 chynum
536 575 574 635 ad
587 574 772 654 recipiendas
783 573 932 654 pedestres
950 557 1063 652 copias,
1085 582 1145 631 tum
1161 580 1279 630 castra
1291 569 1372 627 circa

396 672 561 731 Ecnomuns
576 670 684 730 collem
696 671 849 741 babentes,
864 669 1045 749 pergebant:
1067 677 1098 727 et
1111 668 1170 728 sub
1186 666 1281 725 idem
1296 672 1370 721 tenr-

395 786 450 846 pus
471 766 631 826 Hamilcar
653 766 809 845 imperator
834 764 1005 834 Poencruua
1021 772 1053 823 et
1065 762 1240 843 preelectus
1265 758 1370 819 classis

398 862 524 934 Hanno,
541 870 738 921 detentarum
750 862 1001 939 quinquaginta¹⁰
1021 860 1141 919 navium
1152 858 1272 925 duces,
1294 854 1369 915 Car-

397 958 517 1035 tbagine
527 957 743 1037 Lilybaeum,et
751 955 817 1015 inde
830 954 1012 1015 Heracleam
1021 956 1157 1015 Minoam
1170 951 1369 1027 tramgrest

397 1072 433 1111 ec
446 1053 476 1111 in
497 1060 582 1131 portu
594 1045 750 1112 stationem
763 1052 928 1129 agitabant,
941 1050 1066 1111 consilia
1077 1049 1303 1109 Romanorum
1316 1046 1368 1105 cb-

395 1157 554 1215 serrantes,
576 1155 617 1217 et,
638 1148 664 1205 si
683 1167 784 1206 versus
806 1146 943 1206 Africam
963 1146 1111 1204 instituere
1130 1162 1261 1203 cursum
1279 1140 1369 1201 aude·

396 1250 473 1311 rent,
496 1241 679 1321 prohibituri.
736 1242 827 1307 Quod
850 1242 948 1301 edocti
969 1240 1104 1299 consules
1129 1238 1169 1298 ed
1202 1246 1367 1316 utrumqne

395 1356 497 1396 casum
515 1336 644 1396 studiose
663 1345 771 1396 cuncta
790 1346 974 1417 comparant,
993 1344 1027 1394 ut
1046 1334 1107 1395 sive
1126 1334 1254 1393 navalis
1271 1331 1366 1411 praelii

396 1432 546 1490 tentandae
558 1452 625 1511 spes
637 1432 746 1502 forent,
760 1433 821 1491 sive
834 1431 944 1492 alicubi
957 1430 1177 1490 exscensionem
1192 1428 1266 1488 lieri
1280 1447 1364 1507 opor·

399 1534 485 1596 teret,
499 1527 654 1587 consilium
669 1528 699 1586 in
712 1523 857 1607 expedito
879 1528 1031 1586 haberent.
1074 1524 1184 1603 Itaque
1206 1522 1368 1603 pugnacis·

399 1622 478 1681 simis
490 1624 654 1701 quibusque
667 1623 795 1682 militum
809 1623 838 1682 in
852 1642 943 1682 naves
961 1621 1113 1701 impositis,
1136 1627 1276 1698 quatuor
1289 1617 1366 1675 clasd

400 1737 457 1786 scs,
477 1725 621 1796 tanquam
639 1717 931 1795 ejusdemuniversae
949 1725 1047 1795 partes
1067 1714 1206 1785 totidem,
1228 1712 1363 1772 faciunt:

401 1811 548 1889 legionem
562 1813 686 1892 primam
700 1812 729 1871 in
746 1812 839 1892 prima
852 1812 971 1881 classe,t
991 1811 1066 1869 duas
1083 1818 1246 1889 sequentes
1262 1807 1363 1869 ordine

400 1926 454 1966 suo
466 1908 664 1967 constituunt:
687 1908 717 1965 in
729 1916 836 1986 quarte
845 1906 994 1966 collocant
1001 1906 1125 1966 triarios.
1167 1902 1248 1963 Has
1260 1904 1363 1982 copias

402 2002 445 2062 ita
457 2001 627 2082 disponunt,
641 2010 674 2061 ut
685 2002 808 2080 singulis
829 2003 953 2062 navibus
970 2001 1079 2060 treceni
1100 1999 1239 2076 remiges,
1255 1996 1362 2057 milites

400 2116 471 2160 vero
486 2098 603 2156 centeni
625 2098 721 2156 viceni
737 2098 890 2157 vehantur.
935 2096 985 2155 lta
1007 2115 1143 2155 numerus
1158 2094 1318 2154 hominurn
1332 2094 1360 2150 in

402 2192 539 2251 universa
551 2192 645 2251 classe
665 2191 704 2249 ad
723 2192 820 2250 millia
840 2200 958 2250 centum
978 2189 1172 2270 quadraginta
1183 2187 1359 2249 accedebat.

403 2285 499 2345 Hunc
511 2306 663 2345 numerum
685 2285 838 2364 aliquanto
852 2288 1031 2366 superabant
1043 2285 1142 2354 Poeai,
1159 2286 1231 2366 plus
1242 2290 1358 2345 centum

403 2380 617 2459 quinquaginta
629 2380 761 2441 millibus
773 2382 923 2441 hominum
937 2382 1126 2441 adducentes.

443 2482 472 2533 3.
495 2476 538 2533 Et
554 2476 680 2536 militurn
702 2476 822 2555 quidem
839 2496 930 2553 genus
948 2496 1007 2556 prae
1025 2478 1085 2535 suis
1104 2478 1185 2558 parvi
1206 2474 1358 2537 faciebant

402 2570 545 2630 consules.
590 2570 693 2651 Major
710 2592 748 2631 ea
770 2570 943 2654 deliberatio
961 2584 1035 2643 erat,
1057 2592 1124 2631 cum
1146 2574 1176 2631 in
1200 2572 1265 2632 alto
1286 2568 1355 2629 inari

403 2664 593 2745 pugnandum
605 2666 667 2725 lore
680 2676 846 2747 appareret,
862 2668 912 2725 ubi
926 2668 1061 2727 celeritas
1074 2670 1192 2728 navium
1206 2677 1240 2728 ct
1253 2666 1353 2745 guber·

403 2764 538 2821 natoruni
551 2769 628 2820 artes
640 2763 802 2841 plurimum
816 2762 929 2834 valent,
942 2782 1001 2841 quo
1015 2764 1115 2823 ordine
1129 2764 1271 2823 adversus
1281 2756 1354 2820 auid

408 2967 415 2975 ·
438 2939 470 2985 lt)
485 2935 530 2988 its
540 2938 619 2989 Cres.
631 2952 665 2987 ex
676 2936 773 3002 Polyb.
791 2936 859 2989 Edd.
873 2950 926 3001 prr.
939 2942 1097 2992 tractatoriae
1108 2938 1247 3001 assumto.

793 3062 975 3085 sumu

439 3144 599 3205 vtem
619 3146 722 3207 prim
740 3147 767 3195 ia
786 3148 866 3209 prims
901 3158 952 3207 qne
968 3146 1107 3201 exercitus.
1119 3146 1198 3209 scies,
1209 3145 1255 3211 qni
1266 3153 1351 3193 senam

406 3208 491 3272 σωκ]
510 3209 563 3258 Hic
576 3217 629 3258 tres
638 3218 739 3259 tanturn
750 3211 866 3271 legiones
900 3212 994 3259 metius
1016 3210 1066 3259 buc
1091 3212 1220 3275 quadrare
1244 3210 1349 3258 ridetur.

408 3272 579 3321 incensatum
595 3274 714 3321 exercitu
732 3288 865 3321 nrrmeran-
902 3274 947 3322 Sic
974 3274 1053 3336 igitur
1074 3277 1141 3324 verti
1163 3275 1284 3324 debuisse
1304 3268 1351 3318 Po·

407 3342 460 3383 tor.
487 3336 580 3385 Plures
592 3343 678 3385 tamea
689 3336 767 3386 inisse
777 3338 865 3401 colligi
901 3338 999 3400 lybiunr
1017 3339 1215 3389 crediderimus:
1237 3338 1350 3387 ‘Consu-

407 3399 524 3461 videtur,
535 3408 588 3448 tuni
606 3414 639 3449 ex
656 3400 754 3449 solenni
772 3401 865 3451 Roma·
902 3403 939 3451 les
950 3404 1351 3467 ornnemexercitaminqnstuor

408 3476 500 3511 norum
512 3464 710 3521 cousuetudine,
720 3466 764 3529 qui
777 3465 864 3528 singu-
902 3475 989 3529 partes
1002 3467 1130 3517 dividunt.
1147 3470 1231 3517 Porro
1240 3474 1351 3527 nnsqoe·

408 3526 441 3603 lis⁸
457 3527 605 3578 consulibus
622 3528 687 3578 dou
700 3530 813 3593 legiones
825 3539 865 3580 st·
902 3544 952 3592 que
975 3544 1035 3595 pars
1057 3532 1154 3595 duplici
1182 3530 1349 3596 appellatione

407 3589 524 3641 tribuere
543 3607 647 3655 semper
663 3594 791 3655 sciebant,
811 3600 865 3645 turn
901 3596 1060 3657 signabatur.
1080 3598 1148 3647 Nam
1160 3604 1188 3645 et
1200 3590 1350 3659 prins-des

407 3669 440 3705 ex
452 3669 558 3706 numero
570 3657 730 3722 militumqui
740 3662 786 3709 bac
799 3660 864 3709 ctas·
901 3658 1046 3723 dicebatur,
1059 3669 1084 3708 et
1099 3662 1180 3724 prinis
1191 3660 1294 3709 classis:
1311 3667 1350 3702 et·

408 3733 437 3769 se
457 3721 528 3770 vecti
546 3718 625 3771 faisse
646 3722 715 3772 infra
735 3725 864 3776 dicuntur.
901 3725 1013 3787 dentque
1025 3720 1091 3773 ratio
1102 3728 1128 3773 tn
1140 3725 1348 3775 ceterisservstt·

408 3786 537 3863 vVerentur
554 3802 587 3835 ne
607 3788 734 3849 deceptus
753 3790 787 3837 sit
807 3796 868 3852 post
903 3790 1117 3841 erartaenutlunr
1128 3790 1175 3875 §⁸¹³
1186 3786 1351 3851 ordinems-

408 3858 580 3914 interpretem
602 3851 706 3915 Polybii
733 3853 867 3902 Freinsbe-
903 3867 996 3902 nornen
1014 3853 1133 3917 inditum,
1159 3855 1222 3917 quia
1240 3851 1348 3901 nimirum

408 3916 475 3964 anius
491 3915 663 3979 ambiguitate
675 3917 746 3966 vocis
766 3918 867 3981 στρατό-
903 3919 1009 3981 proprio
1020 3918 1117 3979 signari
1133 3919 1236 3967 nornine
1248 3917 1348 3979 potent·

408 3982 489 4040 sitos,
499 3996 551 4044 qua
569 3981 611 4029 tric
629 3995 690 4029 nsns
707 3989 747 4030 est
759 3982 867 4032 Grecos
902 3983 1028 4031 'Triarius
1039 3984 1117 4039 enini,
1129 3982 1218 4031 itidem
1231 3989 1260 4031 ut
1271 3980 1347 4028 inter·

409 4043 533 4107 scriptor.
568 4045 608 4095 Eo
635 4045 740 4109 qnidam
764 4046 867 4097 nornine
904 4047 1030 4097 rsstribns
1041 4047 1198 4097 exercitibus
1211 4047 1300 4099 solent,
1311 4052 1349 4087 w·

411 4106 563 4173 plerumque
581 4108 627 4158 itls
644 4109 766 4171 designat
787 4112 866 4173 tegio·
902 4106 1346 4176 csbsnr.'qnontsmeomnjecsrsnt

411 4184 480 4221 nem.
511 4172 564 4225 Sed
575 4171 739 4237 crpssdsstov
751 4183 792 4227 est
804 4191 865 4241 quo·
902 4177 1016 4228 omniurn
1025 4174 1156 4242 legionum
1166 4176 1275 4228 triarios.
1285 4172 1347 4222 Cret·
