2917 4767
227 358 316 425 1984
696 374 730 421 r.
755 374 852 423 urrrr

262 516 438 565 decernuntur
456 514 605 579 provincie.
638 512 726 563 Multa
739 513 855 576 qrrooiytu
871 510 1023 563 nuntiantur
1039 523 1271 578 procursururqne
1281 512 1348 563 isos·

263 590 307 643 tiis
324 594 463 656 majoribus
479 599 507 642 et
526 593 718 656 supplicatione.
737 593 855 642 omnibns
874 592 942 650 Diis,
960 608 1067 658 quorum
1084 593 1236 656 pnlrinuris
1249 592 1348 641 Rornae

264 674 454 731 aunt,indlcta.
490 677 530 723 tt.
547 674 677 723 Numerus
694 686 776 722 xvrrr.
789 673 917 737 legionum
935 682 963 723 et
980 675 1069 725 claustr
1081 687 1122 723 cr„
1139 675 1278 737 longarum
1294 686 1347 721 na-

263 748 334 805 rium
344 756 476 818 expletur,
486 754 599 819 sociique
610 753 716 803 usuales
727 762 854 819 parentur
865 754 989 817 impensis
1001 755 1171 817 privatorum.
1207 756 1251 803 12.
1267 754 1347 802 llan-

264 835 337 885 nlbel
352 836 468 898 Capussu
487 832 573 883 tirusst
588 833 722 897 prnaidlir,
739 840 766 883 et
782 847 841 883 conr
857 840 946 885 cetero
958 837 1078 885 excretus
1091 834 1124 884 ad
1140 835 1229 886 tumim
1241 832 1350 883 Auerni

264 915 401 965 descendit
412 930 458 979 per
474 916 588 980 spectem
606 914 779 971 succinerunt,
791 930 819 965 rc
836 916 894 979 ipra
910 921 939 965 ut
952 921 1039 965 tentet
1051 915 1185 965 Puteoloa.
1222 917 1264 964 18.
1282 914 1347 962 Hoc

266 996 391 1060 oppidum
402 995 497 1046 l'rnstra
508 1005 652 1059 oppugnat,
661 1003 688 1045 et
700 996 760 1044 inde
773 995 891 1060 procedit
899 996 930 1045 srl
939 996 1124 1059 opprimendus
1133 996 1229 1045 Noinrn
1241 996 1348 1043 Taren·

268 1086 387 1141 tumque,
398 1090 506 1141 querum
518 1075 618 1125 urbium
631 1074 816 1127 tradendarum
830 1076 908 1140 legati
919 1092 933 1126 s
946 1076 1024 1139 plebe
1035 1077 1107 1125 nulssl
1118 1086 1220 1126 cerrum
1233 1076 1260 1125 ei
1272 1088 1349 1139 rpem

266 1157 392 1207 fecerent
426 1156 524 1207 14.Αά
547 1158 726 1206 Beneuentum
748 1156 844 1206 llanno
864 1171 897 1206 ex
917 1157 1029 1207 Bruttiis
1051 1163 1079 1205 et
1095 1156 1139 1205 Ti.
1158 1156 1348 1206 Gracchurris

269 1239 381 1289 Luceris
397 1237 508 1287 recedit.
542 1236 593 1287 llic
606 1236 690 1300 primo
701 1236 824 1301 oppidnur
843 1236 934 1299 intrat,
944 1243 973 1286 et
986 1235 1121 1287 volonibus
1133 1236 1234 1285 scriter
1247 1250 1348 1300 pugnu-

263 1318 335 1367 ‘tnria
346 1319 476 1383 promittit
485 1317 646 1368 libertatem.
680 1322 720 1367 ili·
735 1322 775 1369 ro.
794 1319 905 1369 Postero
921 1318 965 1367 die
976 1319 1029 1369 scri
1047 1318 1234 1383 pugusiroatea
1254 1318 1349 1378 vineit,

269 1412 411 1463 omnesque
422 1400 536 1454 roluncu,
552 1412 610 1463 que
621 1413 715 1462 magns
726 1400 858 1450 exercitus
871 1415 930 1464 pers
941 1407 990 1457 ert,
1009 1398 1103 1448 liberor
1115 1412 1173 1448 essu
1179 1398 1272 1462 jubet.
1307 1400 1349 1445 17.

269 1480 410 1530 Marcellus
421 1480 523 1530 obrism
540 1480 562 1529 tt
581 1478 733 1537 Hsouibsii,
746 1481 777 1530 atl
791 1482 882 1530 Nolam
900 1488 985 1530 cautrs
1002 1478 1127 1543 mouenti,
1138 1486 1166 1528 et
1183 1478 1348 1528 reddidima

271 1558 341 1610 torte
352 1560 377 1609 ei
393 1560 494 1610 cladem
511 1560 544 1610 ari
561 1561 663 1611 cunm
679 1560 858 1623 acceptumst
875 1560 905 1610 C.
922 1560 1047 1610 eluuntur
1065 1558 1148 1621 Nero,
1166 1572 1245 1623 quem
1266 1565 1348 1607 noctu

273 1640 430 1691 circumuehi
441 1654 533 1704 agmen
543 1642 655 1691 lrostium
667 1656 725 1691 cum
744 1640 836 1690 robore
854 1640 971 1704 equitnm
983 1638 1109 1703 jusrcrat,
1120 1639 1214 1701 proelio
1229 1636 1350 1688 affuisset

273 1721 300 1770 iu
313 1728 438 1783 ternpore.
474 1724 514 1769 to.
531 1720 646 1770 censoru
661 1734 753 1769 rosere
765 1727 904 1770 exercetur
921 1720 1008 1769 Romae
1021 1734 1035 1768 u
1048 1719 1086 1769 Μ.
1106 1718 1189 1769 Atilio
1202 1718 1310 1784 Regulo
1321 1728 1351 1770 et

273 1801 309 1851 Ρ.
317 1802 395 1851 Furio
413 1801 497 1864 Putre,
508 1802 647 1866 inopiaque
667 1800 750 1851 erucii
769 1800 913 1850 instinctor
930 1800 1088 1850 liberalitate
1100 1800 1274 1864 priuatorum.
1312 1806 1354 1853 10.

276 1882 417 1932 Cauillonrn
437 1883 471 1933 ιδ
487 1891 598 1945 utruque
614 1882 719 1931 consule
738 1889 905 1945 oppugnatur
924 1879 1086 1943 capiturque.
1118 1882 1161 1929 πθ.
1185 1878 1219 1928 In
1240 1880 1352 1929 lncauia

275 1962 377 2027 eliquot
390 1962 521 2023 cohorter,
529 1976 546 2011 s
556 1962 677 2011 Grscclro
689 1962 833 2024 prrertatum
844 1960 928 2009 misere
939 1960 965 2008 iu
976 1971 1052 2023 agros
1062 1960 1185 2015 nostium.
1194 1959 1230 2009 ιδ
1241 1960 1352 2010 Hanno·

274 2056 308 2092 ne
320 2041 354 2091 sci
366 2041 571 2091 internecionem
590 2041 737 2092 caeduntur.
770 2040 912 2091 Marcellos
926 2040 1020 2091 Nolsur
1033 2040 1109 2097 redit,
1121 2048 1149 2089 et
1161 2040 1265 2090 Fabius
1275 2050 1353 2105 puter

277 2130 364 2173 rsutst
376 2123 515 2179 Somnium,
533 2121 610 2186 tilius,
621 2122 666 2186 qni
686 2126 786 2186 prretor
802 2130 853 2183 ent,
868 2119 983 2170 Aconum
999 2121 1081 2185 capit.
1115 2120 1251 2171 Hannibal
1264 2130 1352 2173 auteur

277 2202 377 2254 irnrtrs
388 2209 474 2253 tentet
484 2202 640 2264 Tarentum,
651 2216 728 2266 qnsur
741 2202 780 2252 M·
792 2200 880 2253 lirino
891 2209 991 2262 tuetur,
1004 2208 1032 2250 et
1044 2200 1104 2252 inrle
1115 2202 1188 2251 rcuit
1203 2202 1354 2265 sosptem

279 2284 348 2334 uncle
361 2284 504 2346 productum
516 2282 644 2333 Nuntiatur
654 2283 815 2344 llsnrosqne
826 2294 873 2343 per
882 2280 1054 2331 Sallentinum
1064 2294 1154 2345 syrum
1166 2282 1355 2347 proniaaoeque

238 2408 241 2415 ,
280 2360 384 2423 Aprile
394 2360 475 2409 rairns
486 2360 608 2408 (limittit.

239 2442 287 2491 21.
303 2439 415 2491 Interim
425 2439 562 2502 syracusia
573 2437 776 2489 Andrauodoras
788 2438 903 2489 loculum
914 2446 942 2491 et
954 2454 1042 2491 urecrs
1053 2445 1165 2503 occupet
1175 2454 1186 2501 ;
1200 2440 1356 2493 morus

240 2543 257 2577 ,-
280 2526 373 2569 couno
384 2518 497 2569 acSoais
508 2532 596 2568 oarner
616 2519 648 2568 srl
668 2519 819 2569 libertatem
837 2526 916 2584 utque
927 2532 996 2569 arura
1008 2528 1111 2570 vocent·
1144 2524 1186 2570 22.
1204 2521 1357 2572 Concordia

238 2642 244 2653 .
281 2600 428 2653 reatituitur
444 2600 525 2649 libera
541 2608 570 2649 ct
587 2599 719 2649 moderatu
730 2599 855 2649 concione
867 2598 995 2665 Polyaroi,
1005 2614 1057 2663 quo
1066 2606 1173 2649 auctore
1184 2601 1269 2664 legsti
1282 2603 1357 2665 prinu

282 2680 315 2729 ad
328 2678 543 2731 Andrsuodorsso
561 2680 712 2742 mittuntur,
729 2680 773 2745 qui
791 2679 955 2736 denuntient,
973 2688 1002 2729 nt
1018 2682 1043 2731 in
1061 2688 1194 2745 potestate
1205 2688 1316 2732 acuatur
1328 2696 1359 2731 uc

283 2760 373 2825 populi
388 2761 440 2811 sit:
458 2762 533 2825 isqns
551 2761 577 2810 in
595 2761 737 2823 praeseutia
756 2759 866 2823 tempori
885 2759 965 2810 cedit.
998 2764 1040 2811 2⁸.
1067 2760 1200 2809 l’rntorer
1219 2761 1358 2824 Syrecnsir

284 2849 416 2903 creentur,
428 2842 454 2895 iu
468 2840 557 2905 primia
569 2839 773 2890 Audrsoorlorus
785 2846 812 2889 et
824 2837 1006 2889 interfectores
1023 2839 1135 2903 tyranni,
1152 2838 1206 2887 (luo
1217 2840 1301 2889 etinnr
1314 2839 1359 2889 alr·

284 2922 506 2985 seutea,Soputur
517 2935 549 2970 so
561 2920 728 2970 Dinomenes·
760 2919 940 2983 Hippocrates
952 2928 980 2970 et
997 2918 1139 2985 Epicydes,
1155 2918 1303 2984 Syrscnrsr
1318 2933 1359 2968 rr-

286 3001 365 3061 sesei,
374 3001 497 3051 nuuulsnt
507 2998 611 3063 quidem
629 3013 657 3049 se
669 2999 754 3048 rcrlire
766 2999 833 3049 selle
845 2999 877 3048 sd
889 3000 1117 3056 Hannibalemne
1134 3000 1253 3062 suspecti
1264 3000 1359 3049 obser-

285 3089 387 3145 rentur,
398 3088 520 3145 tanquam
539 3094 625 3129 rernm
636 3078 812 3129 novandarum
831 3080 993 3129 occasionem
1013 3085 1174 3145 querentem
1190 3078 1237 3129 aed
1255 3094 1360 3129 nrornn·

248 3205 253 3215 ,
288 3168 332 3209 tur
349 3167 378 3210 et
396 3162 503 3211 crimina
521 3167 612 3209 uerunt
629 3160 655 3209 iu
675 3167 794 3208 reustum
812 3160 1011 3225 optimatesque.
1045 3164 1087 3211 Μ.
1110 3158 1326 3221 Andraoorlorna,
1345 3174 1361 3209 s

288 3242 429 3295 Damarata
437 3256 518 3291 uxore
527 3241 676 3304 instigetur,
687 3238 797 3291 effectat
808 3240 984 3304 tyrannidem,
995 3248 1021 3291 et
1035 3254 1089 3289 reru
1097 3254 1155 3290 cnm
1163 3240 1360 3296 Themisto,cui

288 3322 432 3375 Harmonia
442 3322 551 3373 Gelonis
561 3321 614 3371 tilia
626 3327 716 3383 nupta,
726 3321 902 3371 consociatum
920 3320 1036 3371 Arlrtnni
1048 3322 1151 3371 enidsrn
1163 3321 1263 3384 tragico
1275 3319 1360 3371 ueteri

288 3404 395 3454 incaute
406 3403 499 3467 sperit.
531 3403 559 3453 Is
576 3401 700 3452 indicium
711 3400 743 3451 ari
762 3408 888 3465 pretorea
899 3400 997 3465 defert,
1008 3402 1052 3466 qui
1065 3401 1283 3451 Audranorlorum
1294 3403 1361 3451 ‘l'lre-

289 3484 448 3547 mistumque
464 3484 560 3532 curiam
579 3482 708 3543 ingressos
724 3480 895 3531 interficiunt.
926 3484 970 3533 2⁵.
993 3482 1098 3545 Sopatri
1110 3482 1231 3545 prretoris
1242 3481 1361 3531 orstinsre

291 3564 400 3614 iocitsas
411 3562 550 3613 multitudo
560 3574 661 3611 ornnem
673 3562 773 3625 reglum
786 3562 893 3626 stirpern
904 3561 988 3613 deleri
996 3560 1086 3625 jubet.
1109 3563 1174 3611 'l'urn
1184 3562 1256 3613 olari
1268 3577 1284 3612 ι
1295 3578 1360 3627 prae·

248 3670 252 3676 ι
292 3644 391 3695 toribus
405 3644 570 3693 Dsmsrstam
582 3643 693 3708 primunr
705 3652 733 3693 et
753 3642 922 3693 Hsrrnonisrn
935 3644 1076 3707 jugulantr
1099 3646 1143 3693 26·
1159 3642 1256 3692 deinde
1275 3642 1362 3693 ileru-

291 3725 383 3786 clesm,
393 3723 497 3789 Zoippi,
507 3725 551 3789 qui
561 3730 615 3773 turn
622 3723 790 3775 Alexandria
802 3724 871 3789 apud
883 3725 1055 3775 Portentum
1068 3738 1156 3787 regem
1166 3730 1235 3785 eret,
1245 3736 1363 3785 osorem,

250 3840 253 3851 .
296 3820 356 3856 curn
375 3804 475 3857 sioabna
485 3804 597 3867 (illabor,
609 3818 668 3869 que
678 3805 785 3854 armario
797 3806 936 3870 aliquoties
948 3818 977 3855 sc
993 3804 1119 3868 eripiunt,
1129 3801 1298 3868 tandemque,
1309 3804 1363 3853 sul·

294 3886 400 3937 nerilrus
418 3884 558 3943 coniectu,
572 3887 706 3937 exanimes
725 3896 859 3937 corruunt.
892 3884 1015 3936 Credibnr
1033 3884 1175 3935 retensulx
1195 3886 1363 3948 perpetratis,

295 3968 372 4019 animi
384 3967 469 4032 plebis
481 3972 591 4031 repente
602 3972 737 4018 osntaotnr
748 3966 781 4014 ad
797 3964 1001 4016 mirericordiam
1013 3964 1140 4029 iramque,
1149 3970 1177 4013 et
1188 3964 1295 4013 comitia
1307 3978 1363 4027 pos·

254 4067 258 4073 ·
295 4060 392 4098 csutur
402 4046 541 4112 pretoria:
565 4052 606 4098 nt.
625 4047 718 4112 quibus
728 4046 754 4095 iu
766 4047 850 4097 loonrs
863 4045 1045 4097 Audrsnodori
1058 4058 1089 4094 uo
1098 4044 1222 4095 lirenristi
1235 4044 1364 4108 Epicydea

297 4135 325 4176 et
336 4128 513 4191 Hippocrates
528 4137 659 4177 creentur.
693 4129 746 4178 Per
757 4128 860 4176 eosdem
872 4128 930 4177 dies
942 4126 1092 4183 Marcellus,
1103 4124 1145 4174 eni
1157 4123 1249 4173 Sicilie
1261 4124 1364 4187 proriu-

298 4208 340 4258 cio
355 4208 473 4263 decretu,
487 4208 514 4257 tu
526 4222 583 4260 esur
602 4208 684 4271 seuit,
695 4216 723 4258 er
742 4208 838 4271 temtos
850 4209 883 4259 rte
899 4220 965 4272 pace
982 4206 1063 4259 mittit
1079 4206 1228 4273 Syracusas·
1261 4202 1365 4268 Appius
