2917 4767
686 302 723 350 'l'-
748 300 844 354 lalVll

374 443 485 506 bellum
498 445 528 506 in
542 442 648 505 Sicilie
660 442 861 505 summissam
868 444 977 523 jussus.
1015 439 1194 503 Hasdrubal
1210 440 1354 499 alterum
1445 448 1446 481 ³

374 560 415 600 ex
436 538 583 600 Romanis
602 538 728 600 ducibus
747 557 815 599 cum
832 536 955 597 dimidie
975 546 1058 617 purte
1077 538 1183 597 virium
1209 536 1355 595 subivisse

375 655 506 706 cernens,
519 653 677 714 secumque
698 642 838 715 reputuns
853 634 919 712 jem
939 653 959 693 s
980 633 1068 711 longo
1080 640 1231 713 tempore,
1249 648 1354 726 quun—
1445 688 1446 693 ,

378 751 467 811 quam
487 731 635 793 instructus
654 749 694 791 ex
715 728 838 791 edverso
859 729 938 790 scies
953 736 1061 797 essent,
1073 726 1241 788 Romanos
1265 734 1353 785 metu
1445 768 1446 801 3

377 834 532 887 cunctatus
551 824 651 899 luisse,
664 844 731 886 cum
747 826 814 903 jem
832 844 927 903 neque
947 843 1035 884 voces
1053 843 1182 895 suorum,
1197 823 1262 902 qui
1280 842 1354 899 seg·

380 922 481 982 nitiem
506 923 570 1001 ejus
595 921 797 1002 increpabunt,
824 918 934 979 diutius
959 918 1033 978 ferre
1060 926 1168 999 posset,
1196 918 1356 978 omnibus

378 1036 448 1077 cum
466 1018 561 1099 copiis
581 1016 716 1097 Lilybeo
736 1034 877 1094 egressus,
895 1012 1008 1074 difficili
1028 1032 1080 1095 per
1100 1012 1353 1074 Selinuntiorum

380 1109 453 1171 fines
472 1113 587 1186 itinere,
601 1111 846 1173 Panormitcnum
867 1130 969 1189 ugrum
990 1109 1100 1189 attigit,
1114 1109 1218 1189 ibique
1243 1116 1354 1169 cestre

379 1217 570 1269 metetusest.

420 1310 471 1363 51.
497 1304 586 1365 Forte
612 1301 756 1363 Penormi
784 1322 851 1362 cum
881 1302 1012 1361 exercitu
1038 1298 1151 1381 reliquo
1177 1298 1349 1381 proconsul

380 1400 499 1478 egebat,
513 1407 557 1470 ut,
570 1406 672 1457 mstste
687 1399 754 1477 jum
776 1396 890 1467 adulte,
902 1396 990 1456 sociis
1011 1395 1050 1455 ad
1066 1394 1268 1456 demetendus
1283 1394 1348 1453 fru-

296 1538 304 1554 .
381 1516 432 1575 ges
451 1493 678 1572 condendasque
699 1490 834 1573 presidio
857 1500 943 1552 emet.
993 1490 1059 1552 Hic
1081 1490 1183 1550 audito
1205 1491 1349 1551 hostium

380 1589 579 1672 speculatores
597 1587 729 1649 occultos
750 1586 894 1647 Panormi
916 1586 1033 1665 degere,
1058 1587 1207 1647 universos
1231 1587 1290 1665 qui
1316 1586 1347 1644 in

381 1687 454 1747 urbe
474 1692 570 1746 essent
582 1683 740 1766 procedere
757 1685 786 1743 in
802 1684 974 1744 concionem
981 1683 1087 1763 jussit:
1108 1681 1218 1742 deinde
1233 1682 1346 1762 preaci-

382 1783 467 1863 piens
492 1789 525 1842 ut
546 1799 609 1839 sese
634 1786 736 1839 mutuo
764 1777 977 1861 prehenderunt
994 1778 1135 1858 rugando
1161 1778 1344 1856 ignotiorcm

382 1897 539 1957 quemque,
553 1877 619 1956 quis
630 1883 716 1946 esset,
729 1884 782 1935 aut
794 1874 879 1953 cujus
891 1874 933 1934 rei
948 1892 1038 1935 ceusu
1056 1874 1200 1935 Panormi
1223 1878 1344 1951 egeret,

381 1972 581 2052 exploratores
605 1969 816 2050 deprehendit:
847 1988 886 2029 ex
914 1969 1021 2049 quibus
1044 1971 1097 2030 ubi
1119 1969 1239 2041 didicit,
1266 1964 1343 2047 quid

381 2067 461 2147 spud
479 2068 576 2128 hostes
596 2075 740 2147 ageretur,
755 2064 957 2131 animadverso
971 2064 1037 2146 plus
1047 2066 1232 2137 temeritatis,
1247 2078 1343 2143 quem

381 2162 497 2223 consilii
517 2163 547 2222 in
566 2160 755 2241 expeditione
775 2159 935 2221 Pomorum
954 2181 1029 2233 esse,
1043 2181 1103 2240 quo
1122 2162 1217 2239 magis
1234 2159 1276 2219 nd
1296 2160 1341 2221 in-

381 2265 481 2338 eptum
501 2255 641 2317 fiduciam
662 2256 796 2315 incsutos
817 2256 981 2337 proliceret,
998 2256 1149 2317 simulavit
1169 2266 1296 2327 metum,
1310 2265 1343 2315 et

382 2353 459 2411 intre
479 2352 659 2411 munimenta
670 2351 793 2411 urbisse
805 2352 960 2413 continuit.
1006 2351 1144 2413 Ferocior
1157 2372 1227 2429 ergo
1241 2351 1341 2411 t'sctus

383 2445 570 2518 Hasdrubal,
585 2446 724 2526 promotis
734 2448 839 2507 castris
853 2467 955 2525 agrum
969 2446 1215 2509 Panormitanum
1227 2454 1340 2515 vestet,

383 2542 452 2612 urit,
465 2540 564 2620 fruges
583 2542 755 2619 corrumpit,
768 2540 808 2601 ad
830 2542 907 2622 ipsos
928 2564 1021 2623 usque
1040 2544 1228 2603 urbismuros
1242 2562 1338 2624 popu·

382 2637 525 2697 lationem
544 2632 672 2717 prolertt
693 2653 788 2713 neque
809 2639 918 2695 moveri
939 2637 996 2697 lroc
1012 2639 1061 2699 vel
1078 2638 1198 2709 damno,
1211 2638 1264 2699 vel
1284 2657 1338 2718 pu·

383 2732 455 2793 dore
476 2729 649 2812 proconsul:
669 2738 761 2802 ratus,
774 2732 800 2791 ai
821 2728 973 2811 paululum
990 2734 1179 2805 sustimimet,
1193 2733 1338 2795 uuumvis

384 2829 415 2888 iu
436 2828 548 2889 Poeuos
568 2846 636 2889 curu
658 2826 770 2905 ingenti
793 2824 902 2886 foenore
925 2826 1089 2889 derivatum
1110 2830 1155 2890 iri.
1201 2828 1338 2890 Maxime

240 2936 366 2987 suess
385 2942 456 2985 vcro
475 2932 509 2983 ut
532 2922 639 2983 flumen
662 2922 818 2993 Orethum,
842 2921 922 3002 quod
943 2923 1094 2985 meridiem
1115 2944 1214 2985 versus
1233 2926 1336 2984 urbcrn

222 3000 376 3116 222⁰&
385 3018 612 3100 praeterlcbitur,
626 3020 782 3079 transirent
799 3018 905 3089 hostes,
920 3020 1117 3099 expectabat:
1139 3021 1196 3080 hoc
1214 3022 1293 3080 enim
1312 3018 1336 3077 si

225 3148 249 3180 e.
260 3132 285 3179 t.
385 3115 496 3175 iactum
515 3123 603 3185 esset,
617 3112 850 3194 premeditatum
870 3112 1096 3195 expeditamque
1107 3116 1239 3175 victorie
1257 3116 1334 3177 visnr

221 3222 374 3276 rimosum
385 3210 493 3270 hebere
505 3210 633 3269 rebatur.
676 3206 715 3266 ld
728 3216 763 3267 ut
775 3217 986 3287 assequeretur,
999 3230 1068 3271 cum
1082 3212 1170 3270 rebus
1182 3212 1286 3271 ceteris
1305 3210 1335 3269 in

225 3305 267 3340 ¹¹¹·
278 3292 318 3341 ¹⁷·
384 3305 511 3385 speciem
532 3301 633 3363 timide
653 3300 873 3375 sdministrstis,
886 3313 949 3364 turn
965 3315 1193 3387 propugnatores
1205 3307 1234 3365 in
1248 3304 1336 3367 muris

385 3420 465 3459 rsros
476 3396 662 3469 collocando,
671 3406 703 3457 et
714 3398 844 3461 animum
856 3419 986 3471 suorum,
998 3410 1030 3462 et
1041 3422 1192 3465 numerum
1205 3403 1243 3461 ab
1253 3402 1334 3465 hoste

384 3494 497 3575 despici
509 3493 657 3573 cupiebat.

425 3596 475 3649 62.
498 3586 571 3650 Hoc
584 3587 748 3661 consilium,
759 3600 826 3650 cum
839 3599 872 3652 et
883 3600 989 3671 praetor
1001 3592 1128 3652 hostium
1138 3591 1263 3653 audacie
1272 3610 1333 3659 sua,

384 3694 417 3745 et
435 3685 592 3767 improviso
611 3704 682 3745 cssu
702 3705 765 3746 sors
780 3686 917 3767 juvisset,
937 3705 976 3747 ex
997 3688 1141 3748 sententia
1159 3687 1334 3769 proconsulis

221 3784 310 3851 Polyb.
384 3782 481 3841 cessit.
522 3778 592 3841 Nec
604 3782 681 3843 enim
692 3778 788 3841 defuit
800 3779 976 3845 Hasdrubal
988 3790 1051 3841 tum
1063 3784 1165 3864 copies
1177 3782 1333 3863 pedestres

385 3885 448 3937 tum
470 3876 635 3956 equitatum
656 3885 689 3938 et
707 3875 880 3957 elephantos
898 3897 998 3941 omnes
1020 3878 1219 3949 transducere,
1236 3877 1334 3958 positis

380 3972 472 4050 juxte
492 3992 589 4034 muros
608 3972 711 4053 oppidi
722 3974 836 4043 cestris,
850 3982 933 4034 tento
944 3994 1011 4035 cum
1023 3984 1172 4035 contemtu
1184 3972 1333 4043 consessu,

385 4075 419 4126 ut
431 4069 585 4149 putabunt,
599 4068 727 4131 hostium
742 4068 917 4140 formidinis,
931 4079 974 4141 ut,
996 4090 1091 4149 neque
1108 4069 1190 4132 vello
1203 4068 1272 4140 sibi,
1285 4088 1332 4127 ne·
