2917 4767
483 401 557 448 uun.
580 399 687 450 xxrr.
709 401 793 450 ore.
815 385 847 450 2.
1122 389 1205 456 1771

93 539 374 627 quinquagintaf
387 542 502 618 lieren
518 542 644 608 Jnnoui
659 543 893 628 Minervaeque
907 562 949 608 ex
968 551 1104 627 argento
1119 545 1210 614 dona

93 645 285 725 darentur;
299 644 326 685 ¹⁶
354 653 389 709 et
417 644 544 710 Juuoni
573 644 714 726 Regium
739 649 773 710 iu
803 645 987 723 Aventino,
1013 645 1208 732 Junonique

92 745 258 828 Sospitae
283 747 427 811 Ianumi
446 747 631 831 majoribus
652 747 773 811 hostiis
799 747 1063 828 sacrificaretur3
1086 757 1209 816 matro-

91 865 240 930 naeque,
264 851 409 931 pecunia
430 849 566 926 collata,
591 855 749 931 quantum
763 857 789 898 ¹⁷
814 848 966 914 conferre
982 851 1103 932 cuique
1117 871 1209 916 com·

92 949 245 1012 modum
260 959 360 1026 esset,
375 950 500 1013 donum
512 948 640 1014 lunoni
655 948 797 1032 Reginae
812 951 847 1014 in
860 949 1065 1016 Aventinum
1075 953 1206 1028 ferrent,

90 1047 410 1134 lectisterniumque
424 1050 538 1129 lieret3
560 1051 643 1133 quin
663 1057 699 1114 et
719 1050 887 1116 libertinae
910 1059 949 1116 ut
971 1052 1097 1140 ipsar,¹⁸¹
1120 1054 1208 1120 unde
1244 1133 1246 1137 Ι
1279 1071 1284 1080 ·

92 1147 262 1214 Feroniae
286 1151 411 1216 donum
435 1151 593 1228 daretur,⁸
618 1153 795 1235 pecuniam
820 1171 884 1235 pro
899 1152 1119 1218 facultatibus
1134 1156 1206 1220 suia

93 1252 305 1317 conferrent.
350 1253 439 1318 Haeo
458 1253 518 1316 ubi
537 1253 642 1331 sacta,
663 1252 841 1317 decemviri
856 1251 982 1318 Ardeae
998 1253 1033 1318 in
1047 1254 1120 1320 soro
1135 1275 1207 1320 ma·

87 1351 235 1434 juribus
256 1353 377 1418 hostiis
404 1351 647 1418 montiearunt·
692 1353 871 1418 Postremo
895 1354 1077 1419 Decembri
1091 1362 1116 1406 ¹⁹
1132 1357 1205 1439 jam

93 1473 221 1518 menae
236 1455 281 1519 nd
301 1455 410 1520 adem
424 1455 562 1519 Saturni
577 1454 699 1519 Romae
718 1457 928 1520 immolatum
952 1463 1016 1530 eet,
1039 1457 1205 1522 lectister-

93 1556 265 1639 niumque
274 1555 659 1640 imperatum,(eteum²⁰
672 1558 793 1620 lectum
806 1563 973 1621 senatores
985 1557 1206 1644 straverunt,)

94 1665 130 1719 et
143 1658 344 1723 convivium
359 1659 553 1740 publicum
575 1677 618 1722 ao
635 1677 694 1740 per
710 1656 835 1722 Urbem
851 1656 1044 1720 Saturnalia
1058 1657 1147 1722 diem
1162 1679 1203 1724 ao

92 1768 236 1822 noctem
248 1760 453 1836 clamatum}
468 1760 686 1843 papulasque
701 1778 778 1824 eum
790 1758 877 1823 diem
891 1759 1013 1823 sestam
1027 1759 1151 1824 habere
1162 1781 1203 1826 ao

92 1877 239 1923 servare
254 1861 286 1923 in
301 1868 494 1943 perpetuum
506 1861 635 1943 jassus.

135 1961 172 2025 2.
202 1961 291 2024 Dum
307 1959 427 2024 consul
441 1959 619 2041 placandis
635 1959 757 2024 Romae
786 1955 861 2026 niis
881 1957 1131 2044 habendoque*
1145 1963 1204 2027 de·

93 2062 190 2128 lectu
212 2063 274 2128 dat
294 2082 441 2150 operam,
458 2061 643 2138 Hannibal,
667 2059 842 2143 profectus
861 2079 907 2123 ex
925 2060 1095 2144 hybernis,
1121 2067 1203 2148 qnia

89 2166 164 2249 jam
183 2165 385 2229 Flaminium
401 2163 572 2228 consulem
588 2160 757 2226 Arretium
773 2158 989 2246 pervenisseh
1012 2163 1103 2228 sarna
1116 2174 1199 2244 erat,

94 2287 173 2330 oum
188 2266 282 2330 aliud
297 2266 443 2347 longine,
458 2273 607 2331 ceterum
630 2266 852 2343 commodine,
875 2265 1105 2346 ostenderetur
1126 2269 1201 2346 iter,

95 2369 289 2452 propiorem
305 2367 394 2432 viam
408 2385 470 2450 per
481 2366 642 2452 paludem
655 2368 755 2450 petit,
766 2385 834 2451 qua
849 2365 973 2433 fluvius
986 2366 1120 2434 Arnus*
1141 2391 1202 2454 per

93 2709 184 2760 deleta
197 2709 280 2772 primu
291 2725 364 2765 voce,
376 2711 568 2760 Durnoirmru
577 2710 688 2761 maa!
703 2711 730 2762 J.
743 2710 773 2760 ll.
785 2709 967 2759 oroneo-ro
984 2706 1053 2756 Olim
1063 2712 1202 2767 exurgente
1246 2749 1250 2756 .

93 2777 270 2824 daretem-lt
287 2774 362 2838 Cooj.
371 2774 400 2826 J.
412 2775 442 2824 F.
454 2775 770 2838 (lroaor.paarrtaaa.-18
789 2775 853 2830 Quia
864 2777 887 2821 et
899 2771 1017 2820 immina
1027 2775 1052 2819 rt
1062 2773 1120 2833 ipra
1132 2771 1200 2819 Edd.

95 2850 158 2888 aute
168 2840 283 2889 Gronov.
312 2841 376 2888 Mer.
387 2854 440 2902 pua
449 2845 472 2888 et
482 2845 510 2888 ut
520 2839 713 2888 tiburtium-19
730 2838 799 2887 Olim
812 2835 946 2899 legebatur
956 2835 1080 2883 Postremo
1092 2849 1123 2882 ιω
1132 2833 1200 2882 libain

93 2903 282 2965 Dotendrijarrl
290 2918 367 2951 mre
376 2904 402 2952 itt
410 2904 485 2952 aden
492 2903 668 2952 Saturni-2⁰
685 2903 743 2950 ‘Ex
753 2909 884 2964 postrema
894 2899 963 2948 rocio
971 2898 1113 2960 imper-mrim
1124 2907 1199 2958 parte

93 2973 170 3029 aaa,
181 2976 270 3016 uatum
282 2968 386 3017 videtur
395 2969 447 3016 hoe
457 2973 482 3016 et
492 2981 554 3030 mur,
563 2965 751 3016 incommodum
763 2976 791 3014 et
803 2964 923 3013 otiorum.
957 2962 1100 3012 Fatendum
1112 2969 1200 3011 tamea

93 3039 134 3080 eit
151 3045 296 3092 pronomen
309 3032 333 3080 it
348 3045 420 3093 rape
437 3031 584 3080 redundare
602 3031 671 3092 apud
691 3027 834 3080 Nostrum)
851 3027 994 3077 Struit-1
1014 3025 1041 3074 la
1058 3025 1199 3076 Saturnalia

93 3097 163 3158 conj.
177 3096 269 3145 Burnr.
281 3104 309 3143 er
324 3096 465 3145 Saturnalia
480 3097 582 3144 ctmata
590 3094 617 3146 J.
630 3095 661 3145 F.
673 3095 789 3144 Gronov.
806 3093 873 3156 quod
890 3091 986 3140 firmari
1004 3089 1060 3139 loeo
1077 3091 1197 3140 Macron.

94 3159 149 3209 Set.
164 3173 183 3208 ι.
195 3164 235 3208 lo.
251 3169 339 3209 mouet
355 3160 437 3210 Drak.
470 3160 616 3208 Crevieriur
630 3159 657 3207 iu
672 3160 763 3209 codice
778 3158 922 3208 Pateaureo
937 3155 1062 3204 cauatam
1080 3155 1198 3204 exhiberi

93 3223 337 3352 οδέθῖνὲἱὶηὼῃι
353 3287 406 3337 Μι.
420 3287 482 3336 Ber.
499 3301 564 3336 nunt
580 3293 607 3336 et
618 3301 707 3335 omues
720 3285 788 3335 Edd.
805 3292 865 3334 ante
880 3285 996 3334 Gronov.
1014 3281 1095 3330 Rama
1108 3280 1197 3330 dietra-

92 3351 213 3414 meaa
227 3351 292 3401 Mea.
307 3353 352 3400 reli
373 3353 416 3402 ui:
434 3352 502 3400 nude
512 3352 671 3414 trolerrdopte
682 3352 720 3415 (ir.
731 3365 755 3401 e.
768 3347 948 3412 producendo)
960 3360 1099 3410 reposuere
1114 3343 1197 3395 Gran.

92 3424 120 3466 et
130 3415 219 3466 mnk.
251 3417 304 3466 Sed
317 3419 343 3467 D
396 3425 424 3467 et
434 3415 533 3468 Stroth.
543 3423 616 3466 recte
626 3423 743 3474 mouent.
756 3415 906 3466 dilationum
916 3413 1035 3464 delectur
1046 3409 1197 3475 neutiquam

589 3577 699 3630 NOTAE

125 3706 233 3758 ‘Poride
243 3705 427 3771 quinquaginta]
447 3706 511 3756 Auri
524 3707 582 3769 puri
593 3706 624 3756 ll·
697 3705 710 3740 δ
726 3703 1004 3768 Anatiamparreuime]
1015 3705 1075 3752 Una
1083 3715 1116 3750 ex
1126 3701 1196 3763 pria·

90 3785 144 3834 bra
165 3785 353 3848 quinquaginta
370 3785 492 3834 Romanii
507 3783 625 3845 ponderi·
665 3782 767 3845 cipibus
790 3781 925 3832 duodecim
956 3778 1062 3828 urbibus
1083 3777 1195 3825 Etruria

91 3860 137 3909 bur
147 3859 368 3910 reddereutliodie
376 3860 421 3909 lib.
430 3857 625 3909 Francicatfer-
665 3856 716 3906 t'oit
727 3856 856 3910 Atellam,
866 3856 921 3903 eive
932 3851 1074 3911 Arretium,
1084 3850 1111 3898 lu
1122 3849 1196 3911 crrjua

90 3938 233 3984 memoli.
665 3929 759 3980 finibnu
776 3939 860 3979 ortum
883 3928 959 3977 trebel
978 3926 1065 3976 Arnus
1086 3922 1194 3984 flavian

120 4017 133 4053 ¹
150 4010 261 4060 Feronia
279 4011 365 4058 doram
383 4007 493 4070 daretur]
509 4007 621 4057 Feronia
665 4007 743 4056 hodie
756 4007 847 4055 Arme
859 4005 936 4067 vulgo
948 4003 1063 4063 dicitur;
1079 4002 1105 4050 in
1118 4000 1195 4050 ditio·

90 4083 151 4133 llere
168 4097 274 4145 nomen,
292 4098 368 4148 quam
386 4093 445 4134 uuirt
457 4084 502 4148 qui
514 4083 620 4132 Proter-
661 4098 695 4132 ue
706 4081 790 4144 magui
802 4081 901 4130 Turaiae
912 4079 1000 4130 Ducis.

90 4160 173 4221 piuaur
186 4162 404 4224 interpretentur.
437 4157 558 4209 Defauir
571 4159 619 4208 Fe·
693 4151 1194 4218 ¹Ftauimdrum]llxrlpennino,haud

92 4236 168 4286 ronia-
180 4236 375 4299 nonupli.
661 4234 752 4300 procul
773 4233 874 4282 Tiberia
893 4229 1019 4296 fontibus,
1038 4240 1120 4294 ortui,
1146 4243 1195 4293 per
