2917 4767
380 363 484 411 ursui
508 362 624 412 xvrn.
646 359 974 412 sunnnnnnnrun.
1142 346 1229 414 15³5

99 506 169 565 sive
182 504 304 575 dedita,
317 506 382 563 sire
394 503 520 575 deserta,
535 506 619 579 (nam
632 510 787 580 utrumque
800 500 949 579 traditur,)
968 502 996 560 in
1013 522 1065 581 po-
1094 502 1166 553 Oms.
1183 504 1229 555 zo·

101 610 250 661 testatem
265 600 473 660 Romanorum
485 598 639 658 concessit.
1077 582 1229 696 ffi‘ybslffi

148 704 203 755 12.
226 696 279 755 At
291 696 561 773 Carthaginienses,
569 712 738 773 quanquam
746 713 816 752 sane
828 692 902 752 dura
911 702 942 751 et
954 693 1067 752 insueta
1078 706 1162 753 Ζοηιι.

102 799 298 871 paterentur,
310 800 411 849 nmen
425 789 647 867 gratulabantur
655 789 722 858 sibi,
736 788 815 868 quod
829 788 980 867 aliquanto
989 788 1067 848 miti·
1078 792 1163 857 Polyb.

103 906 160 944 ora
171 886 350 945 formidatis
362 886 554 946 accidissent:
575 885 834 953 metuerantenim,
849 882 950 943 audito
963 902 1067 963 pugnae

103 982 229 1040 naval'm
241 983 342 1050 exitu,
355 1000 393 1039 ne
407 980 538 1061 protinus
549 979 589 1038 ad
601 980 695 1059 ipsam
709 979 918 1056 Carthaginem
933 978 1069 1037 victrices

103 1077 206 1156 copiae
215 1077 245 1109 ¹²
267 1076 453 1135 ducerentur.
497 1074 606 1154 Itaque
624 1074 756 1134 nonnihil
770 1094 807 1133 ex
822 1074 916 1153 priore
930 1082 1010 1132 metu
1023 1092 1068 1131 re-

104 1172 274 1251 spirantes,
283 1173 314 1229 in
327 1168 539 1229 contrahendas
547 1170 657 1249 copias,
665 1172 826 1249 urbemque
835 1178 865 1227 et
874 1169 1069 1228 suburbanam

105 1268 267 1345 regionem
281 1265 423 1325 urendam
442 1265 545 1323 intenti
558 1276 650 1325 erant.
694 1264 838 1325 Consules
855 1266 966 1324 interea
978 1264 1070 1323 mimis

109 1362 254 1422 Romam
265 1364 386 1431 nuntiis,
399 1362 451 1438 qui
462 1371 494 1419 et
505 1381 551 1419 res
563 1362 703 1421 hactenus
716 1370 812 1439 gestas
823 1360 973 1430 docerent,
987 1368 1019 1419 et
1032 1360 1069 1419 de

109 1458 296 1517 instantibus
307 1455 624 1516 senteutiam-Panum
635 1457 832 1535 exquirerent,
847 1456 994 1537 Clupeam
1006 1474 1069 1514 mn·

108 1554 210 1624 ninnt,
232 1562 269 1612 ut
280 1573 320 1611 ea
330 1553 400 1611 aede
412 1551 485 1611 belli
497 1561 646 1612 uterentur
658 1574 665 1611 :
686 1553 878 1633 praesidioque
893 1553 931 1612 ad
945 1552 1023 1612 urbis
1032 1560 1070 1611 -et
1082 1563 1166 1612 Ζοιιιτ.

111 1651 176 1726 agri
188 1647 362 1708 custodiam
383 1649 529 1727 imposito,
551 1667 620 1707 cum
633 1649 738 1708 ceteris
750 1649 884 1707 omuibus
901 1648 994 1729 copiis
1006 1646 1069 1706 lou·
1081 1657 1167 1722 Polyb.

111 1746 180 1823 gius
200 1744 360 1824 progremi,
382 1742 573 1802 cultissimam
600 1744 759 1820 regionem,
786 1752 887 1823 utpote
911 1762 978 1821 quae
1006 1750 1071 1821 post

114 1838 304 1917 Agathoclis
314 1847 448 1917 tempora
462 1837 571 1896 ferrum
583 1837 689 1897 bostile
705 1858 763 1896 nou
782 1837 905 1909 viderat,
925 1855 1070 1917 perpopu-

113 1933 217 1993 lantur
232 1954 240 1993 :
276 1932 364 1992 villas
388 1932 562 2010 magnificas
590 1931 700 1992 multas
728 1931 898 1991 destruunt:
934 1950 1071 2009 maguam

116 2028 348 2109 quadrupedum
368 2028 512 2108 praedam,
534 2028 683 2088 bominum
706 2036 848 2107 praterea
866 2046 954 2107 supra
969 2026 1072 2106 viginti

115 2124 214 2183 millia
227 2124 392 2194 abducunt,
405 2123 520 2181 nemine
534 2124 686 2203 probibere
700 2142 781 2181 auso.
821 2122 942 2201 Oppida
955 2144 1072 2204 quoque

117 2219 216 2278 multa
228 2220 261 2277 vi
283 2227 337 2277 aut
355 2217 505 2277 deditione
527 2219 666 2297 capiunt:
697 2218 726 2275 in
744 2217 790 2277 bis
809 2216 995 2296 perfugarum
1017 2220 1071 2280 ali-
1083 2231 1167 2284 zonas.

117 2333 209 2391 quem
223 2333 377 2373 nnmerum
390 2313 623 2392 deprehendunt,
639 2332 836 2391 magnamque
848 2313 909 2372 vim
920 2322 1073 2393 captorum

118 2411 265 2487 proximis
276 2408 363 2468 bellis
374 2408 483 2467 civium
495 2407 700 2467 Romanorum
713 2408 856 2467 liberant:
877 2428 950 2489 quos
961 2412 1035 2471 inter
1042 2420 1074 2471 et

120 2504 182 2563 Cn.
195 2506 366 2565 Cornelium
375 2504 463 2563 fnisse
472 2503 657 2574 crediderim,
670 2504 721 2582 qui
735 2504 868 2583 proximo
878 2514 944 2584 post
955 2506 1072 2566 biennio

120 2600 223 2659 consul
237 2600 343 2659 iterum
356 2599 452 2658 factus
464 2609 519 2659 est.

160 2702 213 2755 la.
234 2696 321 2754 Dum
334 2697 400 2754 brec
420 2702 557 2771 aguntur,
571 2693 624 2771 qui
637 2692 769 2753 Romam
782 2715 802 2754 a
814 2695 983 2756 oonsulibus
995 2700 1074 2759 missi
1087 2708 1170 2774 Polyb.

121 2790 252 2865 irrorent,
275 2810 345 2849 cum
364 2788 511 2848 mandatis
530 2796 649 2847 senatus
665 2798 859 2850 revertuntur.
910 2791 1075 2852 iubebatur

123 2896 222 2946 autem
232 2886 311 2946 alter
322 2904 423 2945 eorum
436 2886 466 2943 in
480 2882 589 2943 Africa
602 2903 719 2942 manere
733 2904 799 2943 cum
814 2905 850 2944 aa
863 2894 944 2964 parte
958 2887 1073 2957 virium,

124 3002 212 3060 quam
240 2981 359 3040 retineri
379 3000 418 3039 er
440 2978 592 3059 republica
616 2978 818 3056 judicassem
853 2980 927 3039 alter
948 2990 1074 3041 ceteram

125 3077 248 3137 classem
260 3086 293 3136 et
312 3076 413 3157 copias
426 3072 557 3134 Romam
569 3074 718 3133 reducere.
763 3073 813 3133 Sic
834 3075 1000 3134 imminente
1009 3080 1075 3154 jam
1087 3100 1173 3148 zonas.

125 3172 241 3251 hyeme,
255 3172 364 3230 manat
378 3170 425 3229 M.
439 3169 576 3247 Regulus
588 3188 656 3228 cum
664 3166 830 3247 quindecim
841 3168 930 3228 ferme
945 3170 1075 3249 peditum
1088 3195 1176 3258 1:015),

125 3268 267 3337 millibus,
291 3266 440 3345 equitibus
465 3265 642 3343 quingentis,
664 3274 696 3323 et
720 3266 845 3323 navibus
871 3265 1074 3343 quadraginta.
1088 3290 1173 3342 zm,

127 3362 260 3423 Classem
273 3362 417 3441 reliquam
428 3361 584 3439 mancipiis
595 3369 626 3419 et
638 3360 739 3439 praeda
747 3370 880 3419 onustam
894 3361 929 3420 L.
945 3362 1076 3423 Manlius
1087 3387 1175 3452 Polyb.

126 3458 238 3520 Siciliae
251 3458 351 3517 littora
364 3466 428 3517 tuto
439 3464 645 3537 praetervectus
657 3456 686 3513 in
696 3456 797 3515 urbem
811 3459 979 3536 reportavit.
1001 3458 1075 3539 Sep-
1089 3484 1157 3534 0m
1169 3500 1205 3532 W,
1213 3488 1238 3534 g,

126 3561 184 3613 tem
197 3563 231 3613 et
242 3553 348 3631 viginti
369 3552 464 3611 millia
476 3552 660 3631 captivorum
674 3552 713 3609 ab
725 3550 782 3609 hoc
796 3550 925 3613 Romam
947 3539 1076 3615 deducta
1087 3580 1240 3645 Μρψῃ,

127 3649 250 3729 rqierio,
273 3648 468 3725 navalemque
488 3646 527 3705 de
548 3646 651 3705 Poenis
671 3645 821 3705 decretum
847 3647 872 3707 ei
898 3648 1076 3727 triumphum

128 3765 198 3803 me.
241 3743 321 3804 Post
333 3742 475 3803 baec-Ser.
491 3742 614 3801 Fulvius
627 3743 673 3801 M.
684 3742 720 3800 1².
736 3742 783 3801 M.
793 3741 837 3801 N.
859 3743 995 3802 Paetinus
1008 3743 1076 3802 No-

129 3840 226 3909 bilior,
249 3849 282 3899 et
303 3839 350 3897 M.
374 3836 513 3898 AEmilius
527 3837 575 3897 M.
598 3836 634 3895 F.
657 3837 693 3897 L.
708 3836 753 3895 N.
796 3836 925 3896 Paullus
945 3836 1078 3897 consules

130 3934 227 3996 iacti!
269 3934 333 3995 His
347 3934 454 3995 Sicilia
467 3942 499 3992 et
510 3932 611 3991 classis
625 3934 783 4012 provinciae
803 3932 938 3992 decreta.
973 3931 1076 4011 Regu-

356 4058 389 4105 12
405 4052 474 4104 Edd.
485 4058 547 4103 auito
558 4049 784 4102 credendumne
793 4051 874 4114 copia.

420 4222 433 4247 ⁰
449 4211 483 4265 A·
493 4212 527 4265 U·
540 4214 572 4266 (l.
582 4218 640 4266 tut.
657 4212 690 4265 Α.
701 4212 735 4263 C.
744 4215 801 4263 255.
