2917 4767
724 360 758 409 ¹1¹.
783 360 877 411 LlVll

441 509 491 566 42.
513 502 599 562 Idem
611 520 705 563 annus
716 503 759 561 rei
775 504 846 563 sene
865 502 988 575 erudeli,
1002 502 1053 563 sed
1066 522 1144 564 mox
1162 506 1379 585 intemperan-

398 598 508 659 tissime
520 607 677 679 ommate,
692 598 807 657 initium
827 598 937 669 attulit,
958 608 992 659 ut
1011 600 1133 677 sangrris
1154 601 1332 673 bunsanu,
1350 603 1378 661 in

254 704 307 752 h'v.
317 702 365 769 Ep.
400 694 524 772 gratiam
535 694 674 755 levissimi
685 696 828 774 cujusque
839 696 1013 775 spectatoris
1018 694 1135 754 affatim
1148 695 1258 767 fusus,
1269 696 1379 776 volup·

239 784 680 881 ¹{21Mmtsspublioalieret
724 790 849 849 Barbari
862 790 949 849 moris
962 798 1095 851 auctores
1109 790 1166 849 M.
1183 801 1220 850 et
1231 790 1278 851 D.
1293 790 1318 851 J
1318 792 1376 851 unii

239 913 270 946 ιι.
280 903 305 949 a.
317 901 342 947 ⁷.
401 883 500 955 Bruti,
508 886 606 945 nescio
615 904 675 965 qus
682 886 794 965 pietate
803 885 934 945 defuncti
947 886 1037 966 petris
1049 887 1170 946 cineres
1178 887 1377 959 honoraturi,

399 980 606 1059 gladiatorium
631 1001 735 1040 munus
760 980 924 1051 ediderunt,
950 1002 1057 1060 magno
1082 982 1198 1043 lavore
1229 982 1374 1043 civitatis.

400 1074 462 1136 Sed
478 1076 555 1137 banc
573 1076 762 1138 humanitatis
782 1078 920 1155 injuriam
943 1077 1007 1137 ulta
1020 1078 1213 1158 pestilentia
1228 1088 1290 1149 est,
1307 1098 1373 1156 qus

238 1189 308 1240 otu.
320 1194 387 1240 ans.
399 1192 451 1253 per
463 1173 550 1233 istum
557 1183 589 1234 et
596 1182 765 1253 sequentem
774 1192 880 1233 annum
888 1174 1067 1233 atrocissime
1076 1175 1202 1234 saeviit:
1227 1174 1273 1233 ob
1283 1192 1371 1253 quam

398 1286 466 1328 cum
481 1268 644 1348 Sibyllinos
655 1268 746 1329 libros
758 1268 833 1327 adiri
843 1268 1011 1348 placuisset,
1023 1268 1066 1328 irs
1079 1268 1188 1329 Deum
1204 1269 1372 1332 inermum

398 1383 462 1423 esse
473 1372 628 1443 repertum.
672 1363 753 1442 Ergo
766 1363 918 1441 religiones
939 1362 1070 1443 prolecto
1085 1384 1202 1443 parurn
1217 1372 1306 1424 caste
1317 1364 1369 1423 lra-

398 1458 461 1517 beri
480 1459 642 1539 suspicione
662 1468 739 1529 orta,
761 1457 913 1538 pontifices
932 1458 1102 1538 diligentins
1119 1458 1369 1519 observandem

254 1577 318 1641 Aug.
330 1576 362 1625 de
398 1554 581 1633 inquirendo,
602 1554 729 1635 plurime
747 1554 858 1614 sacella
879 1554 1007 1634 fanaque
1030 1575 1048 1614 a
1069 1555 1202 1635 privatis
1215 1563 1366 1634 occupate

236 1642 362 1755 (ib-lgm»
399 1670 461 1711 esse
473 1650 654 1722 invenerunt,
665 1659 696 1709 et
709 1650 927 1730 Capperoniam
940 1670 979 1709 ex
993 1650 1171 1711 Vestalibus
1185 1650 1299 1719 incesti
1310 1650 1365 1708 ori-

235 1722 307 1819 gii*
324 1739 332 1753 ’
398 1746 476 1807 mine
488 1746 590 1806 teneri.
631 1745 694 1806 Sed
706 1745 760 1805 illa
771 1744 841 1805 dum
860 1764 911 1805 ree
931 1746 1089 1825 peragitur,
1102 1746 1278 1827 suspendio
1289 1764 1362 1824 prue-

398 1842 481 1903 venit
490 1842 685 1923 supplicium:
707 1843 738 1901 in
755 1848 951 1922 corruptorem
972 1843 1041 1920 ejus.
1049 1842 1253 1921 consciosque
1266 1858 1363 1899 servos

398 1936 512 2016 legibus
524 1937 757 1997 animadversum
770 1944 824 1997 est.
867 1934 1093 1997 Iocasaoraex
1106 1939 1300 2018 privatorum
1319 1944 1359 1993 te-

398 2034 532 2093 meritate
545 2033 648 2113 priscis
656 2033 756 2092 usibus
766 2032 925 2093 vindicata.

438 2134 489 2187 4³.
511 2126 716 2187 Sic'exsoluta
738 2126 928 2205 religionibus
947 2129 1067 2189 civitate
1089 2126 1207 2188 Patres
1226 2127 1357 2187 animum

236 2232 320 2285 zoen.
397 2220 539 2281 rursusad
548 2220 718 2300 reipublicae
726 2242 828 2281 curam
839 2222 1012 2283 retulerunt:
1027 2224 1225 2303 etquenam,
1236 2220 1358 2281 Etruria

392 2318 459 2394 jam
470 2324 588 2395 pecata
602 2315 677 2375 nibil
689 2318 721 2375 in
736 2315 828 2377 Italia
847 2316 952 2397 reliqui
965 2328 1062 2379 motus
1074 2326 1148 2389 erat,
1165 2319 1275 2377 ambos
1287 2314 1356 2375 anni

398 2411 482 2470 nori·
501 2409 634 2469 conules
645 2410 676 2469 in
691 2410 826 2471 Siciliam
843 2431 910 2471 cum
927 2412 1092 2491 legionibus
1102 2411 1272 2491 transgredi
1290 2409 1353 2490 pls·

236 2522 385 2586 surices.
396 2505 469 2565 nsit.
511 2505 643 2565 Fuerunt
662 2506 692 2566 hi
715 2506 771 2566 Μ’.
785 2506 927 2568 Valerius
941 2508 987 2567 M.
1003 2508 1038 2568 F.
1055 2508 1101 2567 M.
1116 2506 1162 2568 N.
1183 2508 1351 2579 Maximus.

394 2602 450 2679 .qui
464 2603 495 2661 in
508 2601 565 2660 boc
577 2600 687 2660 bonore
699 2601 843 2661 Messalla
852 2603 1018 2683 appellatus
1025 2612 1079 2673 est,
1089 2612 1120 2663 et
1128 2604 1187 2663 Μ’.
1202 2600 1352 2663 Otacilius

395 2694 479 2755 oF.
487 2695 533 2756 Μ.
541 2694 586 2756 Ν.
594 2697 727 2756 Crassus.
758 2696 812 2754 Ab
825 2697 871 2754 bis
880 2706 1089 2776 transportatus
1101 2718 1242 2778 prospere
1252 2696 1352 2776 copias

251 2808 386 2860 mom,
397 2789 499 2850 eadem
514 2792 545 2849 iu
555 2791 642 2849 rebus
651 2788 785 2867 gerendis
797 2800 951 2871 prosecuta
962 2790 1090 2851 felicitas
1102 2801 1154 2851 est.
1177 2793 1260 2853 Cum
1272 2791 1349 2849 enirn

235 2874 252 2921 ¹·
264 2888 346 2923 ¹¹¹³·
401 2884 612 2944 Adranitarum
623 2886 696 2945 urbe
708 2893 775 2965 post
785 2886 904 2945 brevem
913 2886 1094 2946 obsidionem
1108 2890 1236 2967 pervim
1251 2893 1346 2965 capta,

398 2980 606 3061 Centuripinos
622 2980 871 3051 circumsiderent‚
884 2988 1026 3040 venenant
1048 2982 1087 3041 ab
1100 2980 1247 3042 Alassinis
1260 2979 1346 3057 legati

395 3075 537 3156 oppidum
557 3096 643 3136 suum
662 3075 813 3136 dedentes.
856 3074 931 3135 Inde
951 3075 1085 3135 consules
1099 3077 1233 3138 divense
1245 3072 1346 3136 insule

234 3199 318 3249 zm,
388 3179 494 3250 partes
512 3172 660 3242 obeundo,
681 3170 770 3231 modo
791 3170 904 3241 divisis,
923 3170 1011 3231 modo
1027 3173 1141 3251 junctis
1153 3171 1342 3238 exercitibus,

388 3274 495 3327 utres
515 3274 547 3326 et
565 3267 641 3325 ratio
660 3265 814 3335 suadebat,
840 3265 944 3326 Poenis
962 3266 1213 3349 Syracusanisque
1230 3266 1343 3347 quoue

395 3359 535 3437 congredi
557 3368 642 3419 erant
663 3361 726 3420 ansi
750 3359 923 3440 profligatis,
945 3370 1082 3423 tenorem
1104 3362 1271 3443 famamque
1284 3359 1341 3420 late

395 3473 543 3534 sperneret
565 3462 706 3534 tantaque
719 3455 866 3516 lortumm
882 3459 1065 3537 sequentinm
1077 3458 1217 3530 facilitas,
1231 3464 1341 3519 taum

234 3572 308 3622 Diod.
396 3568 455 3629 que
468 3550 592 3629 impetus
603 3549 672 3621 fuit,
683 3559 717 3610 ut
729 3552 818 3631 paulo
831 3560 897 3633 post
909 3552 1020 3633 oppida
1032 3554 1111 3615 baud
1123 3558 1220 3615 minus
1231 3562 1338 3634 septem

396 3654 428 3704 et
439 3646 594 3723 sexaginte
607 3656 834 3718 numerarentur,
853 3668 920 3728 quae
941 3648 1088 3711 Romans
1108 3650 1179 3712 fidei
1191 3672 1222 3712 ss
1236 3648 1338 3731 pemi-

384 3748 509 3801 serant:
532 3760 592 3819 quo
604 3744 635 3802 in
649 3762 769 3805 numero
782 3742 1020 3806 Tauromenitani
1033 3766 1151 3827 quoque
1160 3747 1334 3808 etGatinerr·

234 3857 331 3909 ssm.
344 3871 376 3908 11.
395 3836 542 3899 mines.
571 3834 575 3839 ’
1159 3825 1164 3836 ’

387 3981 390 3988 ,
436 3940 487 3995 44.
510 3932 601 3993 Unde
621 3932 756 3995 cornules
775 3936 935 4015 imperatis,
957 3954 1024 4015 quae
1045 3936 1195 4009 volebant,
1220 3933 1335 3998 auxiliis
1380 3968 1383 3977 ,

232 4020 309 4074 ΒΜ·
388 4028 529 4108 :quotidie
540 4029 709 4101 validiores,
722 4029 762 4090 sd
774 4032 851 4110 ipses
864 4034 930 4109 jam
952 4030 1112 4111 Syracusas
1128 4042 1222 4095 cestra
1234 4046 1334 4115 peusis

686 4246 696 4272 ⁶
712 4238 744 4288 Α.
753 4238 786 4288 U.
797 4236 827 4289 C.
837 4242 895 4290 489.
912 4238 944 4291 Α.
956 4237 986 4289 C.
997 4240 1053 4292 2⁰³.
1172 4274 1176 4283 .
