2917 4767
223 297 312 364 1478
338 278 351 293 ’
704 315 739 365 r.
762 315 858 365 mvn

225 466 279 517 liv.
291 482 340 517 vn.
350 468 375 515 t.
388 454 583 535 reliquerunt
605 454 702 517 Vetus
714 466 779 517 erat
791 458 901 537 opinio,
915 457 1113 536 pestilentiam
1123 455 1222 519 clavo
1238 458 1286 519 ab
1302 456 1369 517 dic-

240 562 313 626 Pigh.
333 564 359 612 in
387 559 482 611 tatere
494 550 557 611 lixo
569 551 664 612 sedari
678 572 772 631 posse.
797 554 874 613 Eam
881 574 963 634 spem
976 562 1038 613 tum
1051 574 1169 633 quoque
1186 563 1368 624 tentatam,

225 627 316 741 ἓξὲξ·
386 647 523 726 clavique
534 648 680 728 pangendi
701 669 791 708 causa
813 649 986 708 dictatorern
1005 649 1116 709 dictum
1130 670 1197 709 esse
1215 651 1266 709 P.
1286 650 1368 709 Cor-

387 744 495 802 nelium
517 742 674 813 Rufinum,
696 744 924 824 haudquaquam
945 746 1147 824 improbabilis
1168 748 1366 824 conjectura

386 849 446 898 est:
468 859 535 899 cnm
547 849 579 899 et
591 840 661 900 mali
674 840 845 918 magnitudo
858 840 896 899 ad
917 842 1016 899 omnia
1032 841 1193 919 quaerenda
1218 840 1367 900 remedia

385 934 535 994 stimulare
547 944 660 995 mentes
672 946 787 1015 posset;
808 945 839 995 et
850 935 994 995 Rufinum
1005 955 1082 995 anno
1092 938 1237 1015 sequenti
1253 956 1275 996 a
1288 956 1364 997 cen·

385 1032 498 1089 sonibus
509 1040 642 1091 notatum
655 1031 745 1091 fuisse
757 1040 882 1101 constet,
897 1041 1052 1111 postquam
1061 1032 1106 1090 bis
1116 1032 1227 1092 consul
1244 1042 1281 1091 et
1294 1032 1361 1090 dic-

386 1127 592 1198 tatorluisset;
614 1148 709 1207 neque
730 1128 884 1188 dictaturae
904 1128 968 1204 ejus
987 1126 1035 1187 vel
1056 1128 1162 1187 certior
1174 1128 1362 1187 inveniatur

385 1225 536 1294 memoria,
549 1225 597 1283 vel
610 1224 829 1289 convenientior
841 1224 931 1283 locus.

425 1324 475 1381 27.
498 1318 540 1377 Et
562 1319 699 1379 adversus
719 1322 837 1379 morbos
863 1318 993 1398 quidem,
1012 1328 1046 1377 ut
1066 1318 1171 1398 potuit,
1190 1318 1357 1398 provisum

384 1420 437 1472 est.
467 1412 627 1473 Armorum
635 1436 708 1475 cura
719 1418 860 1495 majorem
870 1414 1042 1474 industriam
1050 1413 1355 1492 contentionemque,

385 1509 530 1587 praecipue
554 1511 593 1569 ob
616 1510 1015 1580 difficultatemdelectuum,
1029 1508 1229 1589 postulabats
1264 1508 1353 1567 Nam

384 1613 489 1682 praeter
509 1604 732 1666 diuturnitatem
748 1606 835 1677 belli,
860 1606 949 1666 etiam
968 1604 1058 1683 longo
1066 1608 1132 1684 jam
1147 1613 1292 1685 tempore
1306 1606 1352 1663 in-

383 1698 461 1757 lesta
474 1698 537 1759 lues
549 1702 669 1761 taedium
680 1722 775 1761 rernm
790 1702 919 1762 omnium
935 1701 1100 1764 hominibus
1113 1700 1285 1777 injecerat:
1309 1700 1350 1757 ci-

382 1794 497 1873 tatique
514 1797 647 1873 juniores
666 1798 802 1856 militiam
824 1797 899 1855 mira
911 1796 1107 1855 obstinatione
1120 1794 1349 1853 detrectabant.

384 1888 446 1947 Sed
467 1892 663 1970 pervicaciam
685 1893 770 1951 istam
793 1893 932 1951 severitas
952 1899 983 1949 et
1003 1890 1167 1949 constantia
1181 1889 1244 1947 Μ’.
1262 1888 1349 1947 Curii

387 1983 512 2045 Dentati
532 1988 692 2046 secundum
711 1987 839 2047 consulis
858 1986 953 2063 fregit.
996 1984 1028 2044 Is
1041 1986 1129 2053 enim,
1144 1984 1178 2043 L.
1194 1982 1348 2043 Cornelio

233 2081 310 2156 Varro
330 2079 356 2127 {¹²
387 2079 513 2140 lentulo
531 2082 658 2158 collega,
679 2084 879 2161 magistratum
894 2084 961 2159 jam
975 2080 1121 2140 iniverat!
1154 2078 1238 2138 Cum
1254 2080 1348 2156 igitur

219 2142 357 2269 222¹}
386 2176 415 2233 in
429 2174 580 2254 Capitolio
600 2176 746 2235 delectum
768 2178 890 2235 haberet
903 2174 1021 2245 Curius,
1034 2172 1231 2254 respondente
1245 2173 1344 2239 nullo,

221 2268 350 2320 metron.
384 2270 803 2329 vocabulatribnumomninm
813 2272 843 2329 in
854 2290 954 2328 umam
964 2270 1083 2347 conjici,
1092 2288 1222 2347 cumque
1235 2267 1345 2328 Pollia

220 2334 372 2447 3:¹3⁹?OE
384 2364 476 2423 tribus
488 2365 617 2434 exiisset,
630 2366 711 2444 qnod
732 2385 771 2424 ex
791 2386 828 2424 ea
850 2384 954 2423 nomen
968 2366 1092 2445 primum
1105 2372 1181 2422 sorte
1194 2364 1341 2423 eductam

383 2468 457 2529 erat,
477 2460 562 2517 citari
580 2461 679 2538 jussit.
720 2459 832 2519 Tacere
853 2460 1062 2539 perseverantis
1083 2460 1162 2517 bona
1187 2461 1319 2538 primurn
1330 2479 1339 2525 ;

384 2552 490 2612 deinde
510 2573 577 2612 cum
598 2555 726 2631 graviter
745 2554 783 2613 de
804 2554 931 2613 consulis
952 2554 1340 2633 injuriaqnestustribunos

235 2654 290 2704 Ην.
307 2655 376 2720 Epir.
385 2647 573 2728 appellasset,
586 2649 680 2728 ipsum
695 2669 813 2727 quoqne
826 2648 977 2709 vendidit:
999 2659 1009 2684 ⁴
1024 2649 1095 2707 nihil
1115 2669 1188 2728 opus
1200 2670 1268 2709 ease
1283 2647 1340 2706 rei·

219 2734 356 2835 ffi'Mu·
384 2741 512 2821 publicae
533 2764 569 2803 eo
590 2745 667 2814 cive,
688 2745 739 2823 qui
756 2746 881 2803 nesciret
894 2745 1018 2824 parere,'
1032 2743 1179 2829 praefatum.
1221 2743 1337 2822 Neque

383 2839 493 2897 tribuni
504 2840 617 2900 anxilio
628 2839 763 2899 luerunt:
785 2848 816 2897 et
828 2848 932 2920 postea
945 2839 1194 2920 quoquesalubris
1202 2838 1337 2917 exempli

236 2942 290 2992 cte.
311 2959 354 3007 pro
376 2933 515 3012 judicata
526 2954 571 2994 res
583 2935 612 2993 in
624 2934 864 2994 consuetudinem
876 2934 1000 3004 transiit,
1012 2942 1046 2993 ut
1057 2933 1172 2993 delectu
1186 2934 1242 2993 rite
1254 2940 1334 3000 acto,

218 3005 327 3121 ἔξω»
348 3024 371 3059 ⁰·
382 3028 433 3108 qui
445 3027 531 3088 miles
541 3028 637 3089 lactus
648 3049 706 3088 non
719 3038 807 3098 esset,
820 3029 850 3086 in
861 3029 1028 3087 semimton
1040 3027 1223 3088 venderetur.
1259 3026 1334 3087 Hoc

381 3132 489 3183 terrore
501 3124 589 3183 ceteri
602 3122 700 3183 adacti
714 3122 752 3181 ad
766 3122 884 3181 nomina
896 3124 1036 3201 promtius
1045 3121 1162 3181 danda:
1183 3120 1331 3199 conscrip-

382 3220 477 3297 tisque
498 3217 671 3295 lemonibus,
686 3236 754 3294 quae
773 3215 897 3275 decretas
918 3226 1012 3289 erant,
1034 3219 1063 3275 in
1084 3218 1227 3277 hoshcum
1242 3216 1332 3279 ambo

246 3328 312 3380 Pina
329 3330 354 3378 in
381 3311 515 3372 consules
526 3320 687 3370 moverunt.
717 3311 860 3371 lentulus
872 3312 901 3369 in
914 3311 1076 3373 Lucaniam
1091 3313 1189 3380 irruit;
1211 3311 1329 3372 Samni·

218 3392 321 3505 {We
348 3410 370 3444 ⁰·
381 3416 428 3466 tas
440 3406 560 3466 adunus
571 3414 616 3465 est
629 3405 744 3464 Curius.

253 3489 262 3507 ’
421 3506 472 3559 28.
494 3500 619 3560 Excitus
631 3500 671 3559 ad
689 3503 754 3580 ejus
776 3503 818 3561 rei
838 3502 948 3562 lamam
973 3504 1119 3584 Pyrrhus,
1133 3504 1255 3565 lustrato
1268 3502 1327 3562 Tea

380 3596 456 3655 renti
466 3596 597 3654 exercitu
610 3616 674 3666 suo,
688 3596 820 3676 pediturn
834 3596 923 3657 ferme
936 3598 1040 3677 viginti
1058 3600 1162 3670 millia,
1176 3600 1233 3659 tria
1245 3598 1327 3679 equi-

380 3700 443 3749 turn
456 3692 607 3751 recensuit.
650 3690 729 3750 Cum
747 3693 803 3762 his,
817 3701 848 3751 et
860 3693 978 3753 delecta
990 3693 1212 3755 Tarentinorum
1220 3698 1325 3773 juven·

378 3793 455 3856 tute,
470 3785 621 3845 Samnium
635 3787 789 3863 ingressus,
806 3786 956 3847 Samnitas
973 3789 1053 3849 dicto
1070 3792 1164 3849 minus
1177 3790 1326 3850 audientes

381 3880 494 3952 habuit,
509 3882 677 3961 tardiusque
691 3882 731 3941 ad
743 3902 808 3941 eum
821 3883 933 3942 auxilia
945 3893 975 3944 et
990 3885 1199 3966 infrequentiae
1210 3902 1322 3949 venere,

380 3976 547 4039 animisnon
556 3977 730 4038 obcludium
738 3978 826 4037 modo
833 3980 1062 4057 magnitudinem
1075 3980 1167 4054 fessis,
1177 3981 1324 4042 sedetiam

669 4106 681 4133 ¹
699 4095 730 4146 Α.
742 4096 775 4149 U.
787 4098 818 4149 C.
830 4102 887 4149 m.
904 4098 937 4150 A.
948 4100 978 4151 0.
989 4104 1048 4153 276.
