2917 4767
255 368 343 439 1680
544 390 549 399 ·
732 390 765 438 r.
790 388 888 440 arvrr

418 532 423 542 '
447 532 505 589 ·1o.
528 526 674 591 Proxima
686 540 773 592 nocte
788 528 956 605 Hannibal,
970 533 1048 594 clam
1057 534 1199 605 hostibus,
1215 530 1300 596 dum
1310 528 1381 596 lessi

407 644 454 685 en
467 626 568 705 praelio
579 629 646 705 ejus
657 629 770 688 abitum
788 631 942 689 observare
958 630 1120 710 negligunt,
1142 632 1292 702 naribus,
1314 634 1382 712 qni·

417 721 683 795 buscumrenerat,
707 724 881 806 Drepanum
900 726 939 785 sd
961 726 1166 787 Adherbalem
1185 735 1303 787 vectus
1316 738 1382 787 est:

255 826 331 877 Diod.
418 816 553 877 abductis
565 839 624 878 una
635 820 795 900 equitibus,
817 842 891 900 quos
905 825 935 882 in
956 821 1029 882 loeis
1042 822 1189 903 impediti·
1200 822 1246 882 ad
1262 822 1381 883 nullam

417 929 478 971 rem
487 914 610 974 obsessis
621 915 720 987 utiles,
734 916 807 976 alibi
819 917 927 977 bonam
936 937 1057 998 operam
1062 938 1178 978 ‘narare
1190 938 1287 999 posse
1299 930 1381 978 recte

256 1020 340 1071 lcum
410 1008 608 1084 judicaverat.
639 1010 686 1071 Hi
700 1012 777 1073 enim
791 1032 810 1071 a
823 1012 965 1093 Drepana
974 1034 1053 1094 saepe
1060 1023 1265 1083 excurrentes,
1281 1014 1380 1075 incra

416 1103 566 1166 faciebant
588 1108 704 1179 itinera,
726 1128 880 1189 remmque
902 1111 1128 1170 necessariarum
1145 1111 1379 1170 subvectionem

415 1198 754 1284 difficilem,.multosque
771 1204 978 1284 pabulatorum
988 1205 1101 1285 longius
1112 1225 1132 1265 a
1142 1206 1378 1284 cmtrisvagnn·

415 1296 489 1356 tium
496 1299 696 1379 excipiebant,
704 1300 1070 1381 sociosque'Rornanorum
1082 1301 1313 1362 omnicladinm
1327 1322 1377 1379 ge·

416 1412 485 1453 nere
494 1404 646 1466 vexantes,
654 1395 806 1457 consulum
814 1399 941 1458 rationes
948 1418 1006 1458 non
1012 1398 1199 1458 mediocriter
1205 1397 1374 1457 conturba·

415 1487 706 1571 bant..Nequemari
712 1493 1119 1556 tntasiisresrldberbalesse
1126 1494 1315 1574 patiebatur,
1325 1493 1376 1571 qni

414 1583 502 1645 modo
517 1585 634 1659 Siculis,
649 1588 737 1649 modo
751 1589 866 1650 Italicis
878 1590 1025 1661 littoribus
1035 1591 1209 1671 impror'mus
1220 1588 1373 1658 incidens,

415 1680 487 1741 nihil
499 1702 675 1763 qucuocere
693 1682 841 1746 Romanis
861 1696 959 1767 posset
978 1688 1111 1747 insuam
1127 1686 1373 1764 intentatumque

281 1786 285 1795 '
413 1779 604 1861 relinquebat.
641 1780 691 1841 Its
704 1764 828 1853 lectrum,
848 1791 883 1841 ut
895 1802 1002 1861 magna
1018 1783 1047 1841 in
1063 1782 1166 1842 casnis
1177 1792 1254 1841 nata
1267 1782 1373 1861 inopis

413 1878 482 1955 (uec
501 1878 579 1937 enirn
600 1887 706 1957 prater
725 1898 829 1938 carnes
843 1877 990 1959 pecudum
1010 1878 1169 1957 quicquam
1188 1876 1288 1937 ferme
1308 1876 1371 1935 eriri

412 1976 573 2054 supererat)
587 1992 695 2052 magna
707 1991 775 2054 para
785 1974 873 2044 fame,
888 1972 985 2055 plnres
996 1974 1087 2033 etiam
1098 1971 1220 2043 morbis,
1229 1982 1269 2033 ut
1281 1970 1368 2061 solet,

412 2069 521 2131 obortis
533 2078 720 2129 morerentur.
763 2068 858 2129 Hunc
871 2069 910 2128 sd
925 2069 1044 2128 modum
1059 2088 1127 2128 cum
1139 2067 1256 2147 aliquot
1269 2067 1369 2126 bomi-

412 2182 481 2224 num
502 2164 598 2224 millia
617 2164 784 2225 desiderum
805 2172 914 2236 esseut,
937 2164 1061 2225 alterum
1078 2182 1118 2223 ex
1138 2163 1315 2223 consulibus
1327 2160 1368 2221 ad

410 2261 532 2319 comitia
557 2258 688 2321 Romam
713 2258 874 2331 discedere,
900 2279 1024 2339 suusque
1051 2258 1180 2338 legiones
1206 2258 1367 2339 deportare

410 2352 533 2433 placuit,
551 2375 612 2433 quo
623 2356 841 2415 remanentibus
852 2356 883 2415 in
896 2354 1047 2416 obsidione
1060 2354 1225 2435 expedin‘or
1235 2370 1365 2414 annone

307 2492 313 2501 .
366 2506 369 2517 ,
410 2449 485 2508 ratio
498 2449 583 2508 foret.

276 2556 281 2567 '
315 2588 322 2606 .
445 2551 499 2605 11.
522 2544 634 2605 Iterum
645 2544 755 2605 deinde
766 2546 872 2623 majori
885 2555 992 2606 conatu
1002 2544 1297 2626 terralapidibusqne
1307 2564 1361 2625 ag-

410 2642 508 2721 gestis,
523 2642 636 2701 aditum
648 2650 751 2723 portus
764 2644 858 2722 sepire
872 2642 998 2722 aggroesi
1010 2652 1088 2713 sunt,
1104 2642 1214 2702 validis
1226 2642 1362 2702 trabibus

410 2737 585 2799 decussatim
597 2739 760 2819 compactis
777 2758 912 2817 aggerem
928 2740 1166 2808 communientes,
1179 2758 1246 2818 quae
1258 2738 1361 2798 terreis

409 2835 543 2895 anchoris
561 2834 709 2906 revincta,
728 2834 925 2914 totiusoperis
946 2852 1118 2914 compagem
1131 2831 1256 2894 firmiore
1279 2852 1358 2893 nexu

244 2944 397 3011 Polybnnc.
409 2932 598 2990 continerent.
653 2929 714 2990 Sed
736 2940 854 3011 propter
878 2930 966 2990 maris
986 2928 1187 2999 altitudinem,
1205 2930 1246 2987 ob
1269 2947 1357 3007 qaam

410 3027 484 3085 inter
496 3025 730 3085 descendendum
743 3024 965 3086 convellebatur
977 3022 1118 3104 quicquid
1126 3024 1268 3101 injectum
1281 3032 1356 3092 erat,

247 3138 322 3190 Diod.
408 3121 510 3199 ingens
534 3132 565 3181 et
585 3122 697 3182 inutilis
719 3122 803 3181 labor
825 3120 898 3180 tuit:
928 3139 997 3179 nam
1016 3120 1122 3179 oborto
1141 3120 1357 3179 vehementiore

408 3228 560 3277 ventorum
572 3216 657 3287 flatu,
671 3216 814 3296 undisque
823 3216 1091 3286 intumescentibus,
1099 3214 1246 3296 perfracta
1256 3214 1356 3275 omni

407 3334 443 3373 ac
455 3314 571 3394 direpta
582 3324 660 3375 mna
702 3314 781 3374 Cum
802 3324 901 3375 tamen
925 3316 990 3395 ipsa
1009 3313 1105 3394 operis
1123 3312 1205 3373 fama
1223 3311 1354 3373 alannum

244 3426 396 3491 polybum.
408 3408 589 3489 aliquamdiu
600 3418 715 3489 portum
728 3411 880 3481 tenuisset,
893 3410 1001 3470 anxios
1012 3430 1049 3469 ea
1060 3429 1106 3469 res
1118 3408 1278 3469 Poenorum
1290 3407 1353 3467 ani·

406 3522 480 3574 mos,
494 3503 738 3585 vehementerque
755 3505 885 3565 solicitos
903 3506 1023 3565 habuit:
1045 3505 1229 3583 nequeenim
1247 3503 1310 3564 nlla
1322 3503 1352 3561 in

405 3608 519 3679 promtu
532 3609 596 3660 erat
608 3602 695 3671 ratio,
709 3621 769 3682 qua
780 3622 956 3681 cognoscere
975 3610 1085 3661 statum
1096 3620 1213 3660 suornm
1225 3608 1350 3681 pomeut,

405 3714 500 3775 neque
525 3696 680 3776 quisquam
701 3697 833 3758 audebat
851 3718 970 3777 operam
990 3716 1073 3756 suam
1096 3695 1134 3756 sd
1157 3696 1351 3776 inspiciendas

407 3790 654 3871 Lilybaetanorum
674 3812 719 3853 res
739 3792 889 3873 polliceri:
923 3792 1019 3853 donec
1042 3791 1199 3852 Hannibal
1219 3792 1349 3872 quidam,

397 3895 599 3965 cognomento
627 3887 776 3960 Rhodius,
795 3890 840 3949 vir
852 3908 891 3949 ex
910 3888 1082 3958 illustribus,
1104 3908 1135 3947 se
1158 3888 1348 3965 ingressurum

405 3983 518 4055 urbem,
541 3992 582 4053 et,
603 3992 759 4065 postquam
778 3986 878 4044 omnia
897 4002 997 4044 coram
1009 3984 1222 4064 perlustrasset,
1235 4002 1274 4042 ex
1291 3980 1349 4042 lida

404 4080 633 4138 renuntiaturum
646 4082 760 4160 recipit.

446 4178 495 4231 12.
518 4174 557 4233 Ei
566 4176 706 4254 promisso
718 4176 813 4254 gratia
824 4176 919 4255 primo
927 4177 1023 4254 major
1034 4172 1115 4254 apud
1127 4173 1250 4243 Poenos,
1259 4192 1347 4252 quam

404 4264 558 4329 fidessuit:
572 4272 692 4352 quippe,
702 4271 906 4354 praetermoles
918 4272 948 4331 iu
960 4271 1033 4332 mari
1042 4272 1153 4349 jactas,
1162 4268 1348 4349 aditumrpur·
