2917 4767
470 380 543 428 nra.
566 379 672 430 xxrr.
695 381 779 432 oar.
802 369 855 432 tto.
1127 371 1211 439 tseo

80 526 294 592 Geminum
303 531 333 560 ¹⁰
345 527 380 588 et
394 521 445 588 Μ.
461 522 649 592 Minucium
663 534 846 604 numerant,
860 529 918 612 qui
941 530 1102 612 magister
1116 533 1211 616 equi-

80 633 169 692 torn
210 628 320 710 priore
348 644 449 704 anuo,
472 625 603 710 aliquot
630 632 706 691 ante
730 629 849 694 consul
874 629 1004 696 iuerat:
1037 633 1212 716 octoginta

82 737 279 811 praeterea
292 737 352 794 aut
365 736 551 806 senatores,
562 735 621 793 ant
635 729 695 812 qui
709 749 770 795 eos
784 733 1000 812 magistratus
1014 736 1212 817 gessissent,

84 833 200 898 nude
215 834 251 896 in
266 840 419 896 senatum
431 831 499 913 legi
517 831 685 908 deberem,
699 851 777 896 cnm
799 853 862 900 sua
880 837 1073 901 voluntate¹
1088 838 1214 901 milites

86 936 130 996 in
168 933 366 1018 legionibus
390 934 471 999 faeti
496 941 621 999 essent.
677 931 788 1018 Capta
810 955 852 1000 eo
878 937 996 1020 prselio
1021 939 1085 1004 trie
1107 940 1215 1004 millia

89 1035 266 1119 peditum
279 1043 313 1099 et
325 1036 453 1118 equites
472 1035 612 1100 trecenti
626 1033 792 1100 dicuutur.

145 1141 214 1202 50.
237 1137 328 1204 Haee
350 1143 404 1202 est
431 1157 548 1221 pugna
572 1137 771 1219 Cannensis,
797 1135 940 1205 Alliensi
966 1141 1075 1206 eladi·
1099 1143 1214 1208 nobili-

92 1245 180 1304 tate
213 1259 294 1324 par:
321 1253 469 1304 osterum
498 1245 535 1306 ut
561 1240 640 1316 illis,
671 1258 748 1323 quar
773 1251 854 1324 post
879 1261 1025 1326 pugnam
1050 1245 1216 1322 accidere,

94 1343 244 1412 levior,¹
270 1341 349 1424 qnia
371 1341 415 1406 sb
434 1341 533 1406 hoste
551 1341 743 1406 cessatum‘
765 1348 829 1420 est,
852 1345 902 1408 sio
918 1352 1029 1427 strage
1051 1347 1218 1411 exercitus

99 1444 252 1523 gravior
264 1441 459 1526 toediorque.
494 1441 591 1525 Fuga
602 1460 749 1524 namquo
765 1442 811 1507 ad
821 1443 950 1510 Alliam
965 1445 1077 1510 sient²
1093 1445 1217 1512 Urbem

100 1544 279 1626 prodidit,
292 1544 342 1608 ita
352 1545 536 1610 exereitum
549 1543 713 1609 amauit:
736 1543 780 1609 etl
796 1543 931 1612 Cannas
945 1546 1125 1628 fugientem
1140 1567 1217 1612 eon-

103 1647 225 1711 sulem
240 1646 301 1710 vix
313 1646 532 1730 septuaginta
541 1645 651 1710 secuti
665 1653 767 1709 suutt
782 1645 922 1712 dterius
932 1647 1102 1712 morientis
1114 1667 1218 1732 prope

102 1754 213 1813 totus
235 1749 403 1812 exereitus
426 1747 537 1811 suiv·
583 1745 680 1811 Binis
707 1747 744 1810 in
770 1749 910 1814 etrstris¹
935 1767 1013 1816 cunr
1041 1751 1219 1816 multitudo

579 1924 667 1946 000000
670 1925 711 1946 000
714 1923 760 1947 000

109 2040 273 2105 probabile?
285 2041 454 2104 Rupere-lit
465 2042 535 2092 Alter
542 2041 611 2093 Eud.
623 2049 685 2092 ante
698 2043 881 2094 (tronum-20
892 2042 1020 2092 Geminam
1030 2042 1106 2092 deest
1116 2044 1141 2092 in
1153 2043 1220 2094 Edu.

110 2116 180 2156 ante
193 2107 272 2155 Cres.
291 2106 317 2154 iu
330 2105 397 2154 Edu.
407 2113 468 2156 ante
479 2107 594 2158 Gronov.
603 2107 719 2170 legitur:
739 2110 786 2158 Ca.
798 2107 916 2158 Seruiliae
924 2113 948 2157 et
958 2109 986 2156 C.
996 2107 1118 2158 Miserias
1130 2109 1222 2158 Nasta-

110 2171 176 2228 ts'as,
188 2171 231 2232 qai
239 2185 302 2232 nug.
310 2183 346 2232 ep·
354 2184 392 2234 pr.
402 2185 464 2220 osso
474 2173 562 2236 nup-r
571 2171 654 2222 estias
663 2177 721 2222 asts
729 2172 825 2232 fluerat.
859 2172 974 2224 Gronov.
985 2171 1092 2237 Doojst.
1105 2173 1221 2224 Crevier.

111 2234 196 2297 daut,
207 2235 287 2284 meat
294 2233 384 2297 stipari
393 2235 464 2283 mais
473 2239 528 2284 sats
538 2236 632 2296 samm·

151 2303 164 2348 l
186 2298 340 2361 Harpagus
349 2299 452 2348 Alliensi
462 2299 524 2348 aaut
540 2299 664 2350 miiliteu
671 2314 727 2363 pur,
738 2305 815 2349 setara
825 2300 903 2362 stilis,
982 2305 1035 2363 port
1044 2315 1149 2364 pagrum
1159 2303 1222 2352 urci·

115 2365 177 2414 ders
187 2365 277 2413 emm
287 2361 355 2412 Edd-
368 2370 433 2412 vett.
467 2363 531 2412 Haee
540 2372 576 2412 sat
585 2379 667 2428 pegae
680 2365 800 2413 Gasamsi
815 2365 882 2414 clads
892 2379 908 2412 a
937 2365 1027 2428 tituta,
1037 2371 1169 2428 pertatem
1180 2367 1224 2416 At·

116 2429 202 2487 liessr',
211 2432 283 2490 deas
292 2426 344 2476 taec
353 2427 396 2476 iliu
406 2427 447 2490 iis,
455 2441 509 2490 Μ
518 2432 569 2492 port
579 2443 683 2490 pagana
694 2429 810 2484 auidus,
818 2429 892 2478 levior
902 2428 976 2491 Meg.
983 2429 1095 2479 Froben.
1103 2429 1223 2480 Frsneol'.

115 2493 201 2542 Grnt.
220 2492 276 2540 rell.
290 2499 352 2540 ante
369 2491 532 2542 Gronau-²
556 2491 843 2556 Fodiorpssfsitssga.
883 2491 993 2555 Namque
1009 2495 1041 2542 ss
1052 2493 1142 2544 Allium
1157 2495 1223 2557 saga

114 2557 183 2605 strat
196 2555 263 2605 Edu.
281 2563 343 2605 aute
354 2555 518 2607 oroma-s
537 2556 661 2606 ‘Alterius
668 2557 793 2604 modestis
800 2571 874 2620 prope
883 2560 948 2604 totas
958 2557 1076 2607 amas
1087 2557 1151 2620 frit,
1162 2559 1187 2608 h.
1200 2574 1223 2608 e.

118 2621 218 2669 eumin
229 2619 489 2698 moriendo,'sel·sjns
500 2621 626 2670 moriendi
638 2620 772 2669 eonsilium
784 2627 906 2696 sequutus
917 2629 972 2680 est;
989 2621 1026 2698 its
1038 2629 1068 2700 μί
1081 2621 1153 2698 mlii
1163 2624 1226 2672 meri

119 2692 310 2798 lilim&
319 2683 832 2813 tttttttttttttitttttmsttr
846 2683 1027 2808 tttt‘lttt
1038 2685 1226 2812 wilti}

120 2829 212 2876 pseu,-
227 2813 280 2862 Str.
314 2813 413 2862 Eodem
432 2811 489 2862 fere
501 2813 577 2862 modu
589 2813 691 2877 Lipsius
710 2813 766 2861 trau
778 2811 857 2862 verbs
868 2813 1057 2874 lntsrpretstns
1073 2823 1128 2862 est:
1147 2813 1227 2863 AEnri-

121 2879 161 2926 lio
171 2877 292 2927 morienti
312 2891 394 2941 prope
412 2878 495 2926 omnis
506 2879 639 2927 exereitus
656 2875 835 2926 commoritur.
868 2877 966 2926 contre
977 2877 1102 2927 sarientis
1114 2891 1164 2926 essa
1175 2893 1225 2926 non

123 2943 223 2992 Latine
233 2941 284 2991 dici
303 2956 379 3004 posse
391 2956 438 3005 pro
448 2943 561 2990 semri
570 2949 659 2991 monet
672 2941 757 2992 (iren.
790 2939 827 2990 Ar
839 2940 921 2989 Drsk.
932 2949 960 2990 et
972 2943 1049 2992 Cres.
1063 2949 1166 2997 norsur,
1177 2956 1227 2992 esu

121 3007 226 3067 alicujus
235 3007 359 3055 morinen
370 3021 421 3055 nou
433 3021 481 3069 per
497 3020 526 3055 se
538 3006 641 3069 quidest
652 3005 706 3057 utet
718 3019 766 3067 pru
781 3005 855 3053 aliosi
873 3006 993 3066 sommi,
1011 3005 1058 3054 asel
1069 3015 1156 3055 tantan
1169 3021 1226 3069 pro,

124 3072 246 3119 morienti
258 3069 357 3134 furere,
367 3070 510 3132 adherere,
521 3072 603 3134 sequi,
615 3069 721 3130 inritati,
738 3070 967 3130 comitatenses
984 3084 1041 3133 pro,
1053 3085 1111 3120 utrm
1124 3084 1156 3118 eo
1167 3085 1227 3134 per·

125 3137 174 3185 ire.
208 3134 356 3185 Gronovius
371 3133 474 3184 ementi.
489 3134 588 3183 alterius
606 3139 705 3184 mortem
717 3147 792 3197 propa
813 3138 875 3182 totns
892 3133 1010 3183 serretur
1025 3135 1079 3190 luit,
1092 3143 1121 3184 ut
1139 3149 1229 3185 sensus

624 3312 649 3364 N
653 3309 733 3362 0¹1⁸AE

161 3419 172 3444 ¹
189 3413 252 3462 Cass
269 3425 313 3461 aaa
328 3408 461 3474 rursm]
478 3411 538 3461 Nou
557 3411 617 3460 ideo
631 3411 658 3460 lu
698 3417 753 3471 tnr,
763 3407 917 3458 Senatorum
929 3415 1015 3458 tamen
1030 3409 1172 3458 sententias
1191 3423 1229 3459 sr-

127 3491 253 3538 flenstem
265 3488 315 3550 tagl
332 3486 556 3550 debehat,un
567 3487 658 3536 selun-
697 3499 775 3536 seusu
795 3500 842 3534 sno
858 3483 1006 3546 firmabant,
1018 3499 1064 3534 seu
1083 3485 1170 3535 verbis
1186 3501 1233 3535 es·

129 3565 192 3614 terii
214 3563 370 3613 militassent
386 3563 413 3611 ln
431 3563 594 3627 legionibus3
611 3562 658 3613 aetl
699 3577 797 3627 presso,
807 3576 853 3611 seu
866 3562 974 3626 perllbos
986 3563 1012 3611 ln
1024 3577 1068 3612 eas
1080 3563 1156 3614 irent.

129 3642 191 3706 quis
204 3643 308 3690 rurales
329 3647 462 3703 gataerm
479 3640 657 3704 magistratus,
729 3647 740 3675 ⁸
755 3639 858 3690 Alliensi
871 3637 946 3702 eleni]
968 3641 1012 3690 De
1030 3655 1117 3704 pugna
1134 3641 1166 3690 ad
1187 3641 1231 3690 ΑΙ·

129 3731 162 3766 eo
172 3723 293 3779 ternpore
308 3729 360 3779 qno
372 3715 488 3765 militiam
500 3723 593 3779 sponte
603 3731 659 3766 sna·
697 3716 759 3767 lisro
771 3729 872 3766 auruum
885 3717 943 3765 vide
951 3715 997 3766 lib.
1010 3729 1038 3765 v.
1052 3730 1110 3780 esp.
1123 3721 1149 3765 o.

130 3801 266 3858 ceperant.
299 3793 660 3843 Noteneotmsemeortsto
730 3791 861 3849 ‘Quam
878 3791 1081 3854 mesentana]
1098 3791 1231 3841 llsnrribsl

130 3873 230 3921 Senatu
252 3869 371 3919 diesudae
386 3869 432 3932 jus
461 3868 581 3919 saboim
608 3882 660 3918 uus
700 3869 833 3920 Gallorum
853 3867 1015 3915 celeritatem
1037 3881 1087 3914 non
1107 3867 1232 3930 imitatos,

131 3947 209 3996 modo
218 3946 358 3995 Senatores
368 3959 386 3992 s
401 3944 551 3993 &membra
569 3945 662 4008 testor,
701 3946 821 3998 Romam,
832 3948 860 3991 ut
872 3941 919 3998 itti,
932 3955 982 3990 nou
994 3941 1074 4004 sepit.

129 4023 178 4072 aed
189 4030 216 4072 et
228 4037 273 4072 eos
284 4023 329 4086 qni
348 4022 375 4070 iu
393 4021 546 4084 magistratu
564 4029 662 4083 aaron,
734 4029 746 4055 ¹
761 4018 869 4069 sustu
885 4017 1008 4066 usitatis
1022 4029 1093 4082 prope
1108 4020 1174 4065 toras
1191 4031 1234 4066 se:-

130 4107 178 4148 aat
189 4100 247 4162 jam
265 4106 327 4149 ante
346 4096 466 4147 tremor.
499 4095 536 4145 lli
552 4099 662 4161 qnippe,
701 4090 948 4155 sreitnsaitmgit]
967 4093 1067 4157 Lipsius
1078 4092 1235 4145 emendabat

132 4173 236 4224 etiamsi
252 4173 278 4221 iu
290 4183 424 4221 numerata
435 4171 588 4220 serratorum
601 4185 662 4220 ποι-
702 4177 767 4220 tetur
777 4167 962 4227 mrimfait,
979 4167 1051 4232 qussi
1074 4167 1234 4232 signifiesre·

132 4252 193 4300 duru
205 4250 304 4311 allecti,
313 4247 468 4298 sententiam
480 4261 531 4296 ooo
543 4261 662 4311 rogaren-
705 4254 748 4296 tur
759 4246 853 4296 Paullo
863 4251 1049 4294 commortuum
1062 4243 1140 4294 solare
1151 4252 1235 4292 tutem
