2917 4767
454 385 528 432 nra.
551 382 640 431 xxr.
663 384 745 432 oar.
766 367 821 433 46.
1104 369 1190 436 1735

84 545 220 604 omnes,
234 526 327 590 velut
340 524 417 589 Diis
431 525 622 588 auctoribus
637 525 672 588 iu
694 543 790 608 spem
811 543 907 589 suam
928 525 1108 610 quisquan
1134 547 1190 592 ac·

86 629 228 711 ceptio,¹
252 627 288 690 id
314 645 427 702 morae,
451 626 542 708 quod
572 627 718 691 nondum
744 634 937 710 pugnarent,
963 629 1007 691 ad
1032 629 1191 710 potienda

87 735 233 812 sperata
246 727 324 802 rati,
340 727 491 809 pralium
507 745 577 790 uno
593 729 707 791 auimo
720 733 755 792 et
769 745 852 792 voce
869 747 934 790 una
948 738 1106 811 poscunt.

131 831 191 893 46.
214 827 321 912 Apud
341 827 515 892 Romanos
537 828 796 911 haudquaquam
820 835 915 892 tanta
938 827 1096 892 alacritas
1110 835 1192 907 erat,

89 937 323 1012 supernatura
336 929 527 992 recentibus
550 929 654 992 etiarn
675 927 812 992 territos
832 929 1003 1010 prodigiis.
1047 928 1135 994 Nam
1158 939 1193 996 et

88 1033 197 1114 lupus
222 1032 404 1095 intraverat
429 1035 568 1104 catatra,c
589 1029 792 1112 laniatisque
817 1029 928 1094 obviis
950 1030 1026 1112 ipae
1047 1032 1193 1096 intactus

88 1138 267 1209 eraserat3
288 1139 324 1194 et
338 1147 482 1194 examen
497 1125 625 1211 apum‘¹
639 1130 674 1192 in
688 1130 806 1194 arbore
826 1134 985 1213 praetorio
1000 1133 1192 1198 imminente

90 1231 305 1296 consederat.
351 1230 484 1309 Quibus
502 1232 716 1313 procuratis:
735 1231 865 1313 Scipio,
885 1251 961 1296 oum
977 1233 1128 1314 equitatu
1140 1233 1195 1314 ja·

91 1333 374 1414 calatoribusqne
384 1331 550 1414 expeditis
562 1332 731 1414 protectae
741 1333 783 1396 ad
794 1341 904 1398 caetra
914 1332 1194 1418 boatium,exquc

92 1435 311 1516 propinquo¹
327 1435 457 1515 copias,
473 1445 608 1516 qnantae
622 1439 657 1496 et
675 1432 774 1516 cnjus
788 1433 918 1516 generis
934 1443 1059 1512 essent,
1075 1454 1195 1516 specu·

92 1533 231 1608 budae,
253 1533 376 1598 obrius
391 1534 428 1598 tit
448 1533 645 1611 Hannibali,
659 1541 695 1598 et
713 1536 782 1617 ipsi
801 1554 877 1600 cum
890 1538 1059 1618 equitibus
1074 1537 1118 1600 ad
1135 1555 1195 1600 ex-

92 1633 262 1715 ploranda
284 1635 373 1696 circa
389 1635 467 1697 loca
487 1653 677 1716 progresso.
722 1635 755 1699 N
759 1638 846 1700 eutri
865 1637 988 1701 alteros
1004 1637 1108 1719 primo
1124 1656 1191 1700 cor-

92 1737 234 1800 nebant.
279 1736 424 1800 Densior
434 1736 554 1800 deinde
567 1737 699 1800 incessu
713 1743 763 1802 tot
777 1738 946 1801 bominum
963 1755 1194 1821 equorumque
1240 1798 1242 1802 .

93 1838 209 1900 onena
233 1836 346 1918 pulvis
366 1837 496 1917 siguum
515 1837 807 1919 propinquantium
826 1836 971 1901 bostium
990 1837 1064 1900 suit.
1108 1837 1195 1902 Con·

94 1937 185 2001 stitit
199 1943 376 2018 utrumque
391 1955 520 2018 agmen,
534 1941 568 1999 et
582 1936 698 2018 praelio
712 1955 789 2000 aoso
803 1935 1054 2018 expediebant.²
1078 1938 1196 2020 Scipio

89 2035 307 2119 jaculatores
321 2045 354 2100 et
367 2037 487 2100 Gallos
503 2039 637 2120 equites
647 2038 681 2101 in
692 2037 802 2102 sroute
816 2038 925 2116 locat;
948 2036 1131 2112 Romanos,
1141 2057 1196 2102 so·

95 2138 294 2220 ciorumqua
313 2137 404 2220 quod
423 2140 552 2202 roboris
570 2139 647 2215 fnit,
663 2140 697 2204 in
711 2139 885 2204 subsidiis.
930 2139 1106 2204 Hannibal
1121 2140 1195 2204 trae·

95 2246 198 2301 natos
222 2240 356 2321 equites
379 2243 411 2302 in
434 2241 579 2304 medium
600 2241 736 2324 accipit,
751 2259 876 2305 cornua
899 2239 1059 2304 Numidis
1079 2241 1196 2304 firmat.

97 2337 254 2402 Vixdum
270 2341 413 2404 clamore
436 2341 581 2417 sublato,
597 2341 801 2423 jaculatores
816 2343 970 2423 fugerunt
984 2341 1070 2404 iuter
1085 2341 1197 2404 subsi-

126 2508 138 2532 ²
157 2500 237 2556 Queri
247 2502 404 2565 uniquique
414 2504 479 2552 Dece
490 2503 586 2553 latmi
595 2518 716 2568 apamen
723 2505 891 2568 promitterem
901 2503 931 2551 ab
943 2501 1077 2552 Hannibale
1087 2501 1195 2564 premin-

562 2756 744 2778 mm

98 2835 325 2882 immutatum-lo
341 2837 401 2885 Vet.
420 2838 463 2887 lib.
482 2837 551 2898 apud
570 2837 680 2886 eundern
697 2837 893 2900 promittit—20
914 2837 992 2885 'Vox
1012 2837 1106 2898 quiaque
1126 2845 1197 2886 arete

96 2897 232 2972 jungenda
245 2911 301 2945 cnm
312 2914 399 2958 omnen,
412 2903 450 2947 vel
461 2902 589 2962 deleam
607 2903 650 2950 vel
666 2903 718 2964 leg.
728 2903 821 2964 ruique,
833 2908 879 2950 ant
889 2901 952 2948 relat
968 2899 1027 2949 Diie
1038 2915 1127 2962 quoqne
1142 2917 1195 2949 nuc·

100 2961 192 3008 toribus
202 2976 228 3008 ur
240 2975 261 3008 r.
273 2977 293 3008 e.
305 2961 337 3008 «ι’
356 2964 463 3023 Rrrpert.

134 3029 146 3073 l
166 3031 175 3051 ‘
185 3025 227 3072 E:
235 3026 373 3086 propinquo.
401 3027 443 3074 Sic
452 3027 477 3073 lu
487 3022 587 3072 drrobue
598 3023 664 3072 Mer.
674 3032 756 3078 extat.
768 3027 794 3072 ln
807 3025 911 3086 reliquia
921 3021 986 3080 iere,
996 3031 1061 3073 utet
1070 3026 1094 3074 in
1104 3034 1200 3076 retunt.

102 3087 169 3135 Edd.
182 3097 222 3134 ert
240 3103 271 3135 ex
286 3104 331 3149 quo
345 3089 485 3151 propinquo:
504 3088 571 3136 unde
581 3088 657 3135 Vultu
669 3085 757 3136 affecit
771 3102 845 3149 exque
859 3090 997 3149 proraeque,
1009 3089 1077 3150 quud
1089 3077 1198 3139 rdceuti-

102 3165 160 3202 oreo
170 3151 240 3201 Edd.
251 3161 414 3214 receperunt.
443 3153 475 3201 Iu
484 3153 613 3202 uonnullir
624 3159 711 3206 nmen
720 3153 785 3200 biae.
795 3159 836 3200 eet
845 3165 876 3199 etr
883 3153 932 3200 loco
938 3151 1085 3214 propinqua?
1101 3155 1199 3204 Stroth.

594 3279 704 3330 NOTAE

101 3373 330 3424 trutinantur
346 3373 380 3422 de
394 3374 491 3423 fudere
503 3376 631 3424 Romano·
702 3375 716 3410 ‘¹
734 3377 768 3424 Et
781 3391 878 3426 examen
895 3375 976 3438 upum]
992 3373 1121 3437 Prodigiis
1138 3391 1200 3440 quu-

102 3464 157 3499 ruru
181 3465 242 3498 cour
260 3449 523 3510 Carthaginiensibur,
544 3453 586 3516 qui
609 3451 631 3500 ei
672 3464 723 3515 qne
735 3451 959 3509 annumerabatur,
969 3452 989 3498 el
1003 3465 1074 3514 apr-r,
1086 3466 1143 3516 quae
1157 3467 1201 3500 ua·

100 3527 148 3574 hoc
169 3539 268 3587 gauere
290 3525 337 3585 usi,
354 3526 567 3588 quemadmodum
584 3527 632 3576 boc
673 3534 732 3575 tura
748 3540 794 3574 erra
810 3524 974 3589 ferre,'juata
985 3526 1060 3575 reden
1072 3529 1199 3577 bominum

101 3600 159 3649 loco
176 3599 356 3658 finalitate
380 3601 507 3656 Romania,
531 3602 633 3664 opindr,
672 3614 782 3652 examen
801 3604 956 3664 poenineat.
973 3603 1201 3652 aivetrramfecls·

102 3683 163 3724 runt
181 3677 304 3723 mutuati.
338 3676 374 3724 Hi
394 3685 478 3725 tamen
494 3691 545 3725 non
557 3691 634 3740 agno,
672 3683 740 3731 aeut,
753 3683 781 3724 ut
797 3677 866 3726 Pliu.
879 3686 951 3725 uolat
969 3677 1013 3724 lib.
1030 3691 1049 3725 r.
1064 3693 1088 3726 e.
1103 3683 1140 3726 1⁷.
1150 3694 1200 3741 qun

32 3774 40 3790 ·
101 3750 146 3798 ard
159 3766 227 3799 carra
233 3752 380 3812 jungebant
392 3750 492 3799 foedcra
504 3767 593 3812 poree.
674 3752 782 3814 respicit
797 3752 931 3803 Jrrreualir
947 3753 1033 3801 Satira
1050 3763 1115 3801 xrrr.
1134 3754 1201 3801 ‘At-

133 3825 482 3887 ‘Lupaeintreoerntenrtrnl
493 3828 555 3875 Mali
566 3825 633 3889 apud
674 3840 725 3889 que
742 3839 850 3874 examen
866 3841 942 3888 upum
960 3825 1036 3886 longa
1054 3828 1202 3875 comederit

104 3902 233 3950 Romanor
258 3901 348 3948 ominis
370 3901 484 3950 habitum
504 3901 593 3957 suinae.
611 3902 633 3950 ni
674 3900 978 3950 uvaCulminedelulrri.'
1006 3901 1039 3948 Et
1052 3915 1200 3950 reverancu

104 3978 178 4039 lupar
191 3980 248 4027 loca
259 3985 346 4038 nepta,
357 3978 426 4026 intra
441 3993 498 4042 quae
518 3979 633 4027 bomiuer
673 3978 753 4026 cernel
767 3974 892 4038 Pompeio
903 3973 998 4038 Magno
1007 3972 1106 4022 cladem
1116 3990 1147 4024 ea
1160 3991 1200 4024 rea

106 4052 200 4100 vernari
210 4051 289 4107 soliti,
298 4063 368 4100 erret
377 4053 635 4116 inprearue‚etantea
674 4049 837 4114 portendisse
848 4047 949 4096 credita
960 4055 1016 4096 eet:
1033 4048 1102 4110 quod
1116 4059 1200 4099 tarueu

106 4125 307 4184 alternavimus,
318 4134 346 4174 et
362 4141 396 4175 ax
414 4125 459 4178 lib.
471 4138 564 4178 mu.
576 4140 634 4190 cap.
673 4140 724 4176 uou
743 4123 822 4174 tulere
842 4129 996 4185 perpetuum
1015 4121 1136 4174 observat
1155 4127 1202 4176 ibi·

106 4203 145 4247 at.
155 4200 303 4250 confirmari
313 4207 410 4263 potent·
673 4200 734 4250 dem
744 4198 854 4260 Plinius,
867 4198 984 4260 etamplo
997 4197 1082 4248 Drnri.
