2917 4767
256 366 342 432 1922
718 379 756 427 a.
780 379 874 428 orrrr
977 418 981 428 .

256 527 429 592 movebat:
453 541 654 607 quanquam,
672 541 750 608 qum
762 523 865 590 facile
878 541 1010 588 omnem
1024 524 1221 608 patientiam
1236 524 1365 591 vince

256 634 333 702 rent,
356 627 592 692 nuntiabantur
616 645 638 690 a
660 625 820 690 Casilino.
874 625 965 690 Nam
988 633 1033 703 st,
1053 627 1298 710 praecipitasse
1323 647 1368 690 se
1443 670 1444 675 κ

256 727 419 812 quosdam
434 746 503 792 nou
518 726 694 790 tolerantes
708 725 843 802 samem,
857 727 1050 802 constabat,
1059 735 1096 790 et
1106 733 1194 792 stare
1210 729 1367 792 immeo

256 831 288 894 in
312 830 426 905 muris,
448 827 537 892 unde
559 845 702 910 corpora
723 825 768 890 ad
790 827 969 891 missilium
994 827 1132 891 telomm
1157 829 1246 894 ictus
1271 847 1366 912 prn-
1444 904 1445 917 q

254 933 379 997 beatas.
424 929 475 994 Ea
504 948 590 1011 agre
615 928 745 1011 patiens
769 927 955 1006 Graocbos,
971 947 1048 993 cnm
1073 947 1183 1013 oeque
1204 949 1364 1012 pugnam

256 1051 429 1097 conserere
455 1029 627 1095 dictatoris
656 1029 787 1112 injussu
813 1029 961 1106 auderet,
985 1027 1215 1113 (pugnandum
1237 1041 1362 1096 sotem

256 1155 346 1211 esse,
369 1137 398 1198 si
427 1134 539 1217 palam
562 1131 764 1195 frumentum
784 1133 989 1214 importaret,
1016 1129 1182 1213 ridebat)
1190 1130 1218 1172 ¹⁶
1240 1151 1362 1215 neque

256 1238 344 1301 olam
374 1232 574 1318 importandi
600 1251 678 1316 spes
701 1238 805 1310 esset,
830 1232 927 1306 farre,
952 1251 997 1296 ex
1020 1233 1108 1315 agris
1130 1234 1222 1298 eirea
1254 1233 1362 1297 undi-

256 1356 321 1419 que
349 1343 525 1412 conuecto,
551 1352 626 1398 oum
655 1331 826 1415 complura
847 1332 937 1398 dolia
955 1335 1170 1417 complesset,
1199 1335 1360 1398 nuufinm

255 1435 298 1500 ad
332 1436 556 1517 magistratum
596 1432 781 1497 Casilinum
820 1434 921 1512 misit,
951 1443 990 1499 ut
1025 1435 1218 1518 exciperent
1244 1433 1361 1509 delia,

255 1559 331 1624 quas
355 1538 461 1603 amois
484 1537 635 1602 deferret.
678 1535 876 1620 Insequenti
898 1545 1011 1614 nocte,
1033 1537 1170 1602 intentis
1193 1539 1360 1602 omnibns

255 1641 421 1705 indumen
437 1657 586 1723 sospem
608 1638 652 1703 ab
669 1637 787 1702 nuntio
802 1635 956 1702 Murano
975 1637 1115 1714 tactam,
1132 1636 1225 1703 dolia
1240 1637 1360 1701 medio

255 1745 361 1808 missa
389 1741 479 1807 amni
494 1739 938 1823 delinxemntz‘aequsliter
958 1739 1047 1803 iuter
1068 1755 1185 1802 omnes
1207 1737 1359 1802 frumen

258 1851 327 1907 tom
353 1842 511 1908 divisum.
556 1839 598 1906 ld
624 1847 759 1923 postem
786 1859 923 1924 quoqne
946 1839 1000 1904 die
1028 1857 1070 1904 sc
1097 1840 1196 1906 tertio
1220 1839 1359 1904 factum

255 1955 320 2010 est.
364 1945 399 2010 N
400 1955 478 2010 octe
492 1952 526 2008 et
540 1943 752 2009 mittebantur
769 1951 804 2006 et
817 1943 1109 2025 perueniebautt¹⁷
1122 1961 1164 2006 eo
1177 1941 1360 2006 custodias

256 2047 402 2111 bostium
430 2047 603 2110 fallebant.
657 2043 828 2107 Imbribus
863 2041 981 2106 deinde
1013 2043 1184 2107 continuis
1212 2043 1360 2107 citatior

255 2149 355 2214 solito
381 2150 489 2213 omnis
521 2155 709 2212 transverso
735 2144 860 2210 vortice
888 2145 979 2210 dolia
1003 2144 1136 2227 impulit
1159 2144 1203 2207 ad
1233 2145 1359 2226 ripam,

255 2267 359 2334 quam
388 2249 505 2313 bostss
538 2248 730 2312 servabant.
789 2245 845 2310 lbi
866 2245 1025 2311 haerentia
1047 2245 1131 2310 inter
1155 2245 1282 2309 obnata
1310 2248 1359 2310 ri·

255 2351 311 2433 pis
335 2349 457 2414 salicta
477 2347 744 2430 conspiciuntur:
770 2347 1020 2432 nuntiatomque
1033 2345 1221 2412 Hannibali
1239 2355 1305 2427 est,
1322 2354 1360 2413 et

253 2450 378 2516 deinde
392 2450 568 2514 intentiore
583 2446 741 2514 custodia
755 2454 904 2526 cautum,
918 2447 1055 2531 nequid
1069 2445 1200 2513 falleret
1211 2445 1358 2514 Voltur·

255 2573 298 2617 uu
313 2552 357 2616 ed
373 2551 484 2616 urbem
497 2550 649 2615 missum.
693 2548 813 2613 Nuces
833 2554 946 2615 brnen
965 2545 1113 2613 ἱιιιιιιιιι
1126 2549 1171 2612 ab
1186 2549 1358 2615 Romanis

255 2655 390 2732 castris,
407 2671 483 2718 cum
499 2651 610 2718 medio
624 2649 715 2715 amni
731 2650 774 2714 ad
790 2649 977 2714 Casilinum
993 2647 1183 2730 defluerent,
1202 2653 1358 2716 cratibus

253 2757 516 2841 excipiebantur.
560 2752 740 2818 Postremo
754 2749 797 2816 ad
812 2750 847 2814 id
863 2761 998 2816 rentum
1012 2752 1138 2835 inopiae
1151 2758 1215 2830 est,
1230 2759 1269 2816 nt
1282 2755 1358 2818 lora

255 2860 490 2942 detractasque
521 2856 629 2921 scutis
656 2853 775 2938 pelles,
802 2853 861 2918 ubi
887 2852 1013 2918 torrida
1037 2853 1222 2918 mollissent
1251 2873 1356 2938 aqua,

256 2962 411 3027 mandere
435 2959 641 3034 conarentur,
661 2975 723 3020 nec
745 2955 897 3019 muribus
918 2954 1027 3018 aliove
1049 2953 1185 3018 animali
1205 2956 1356 3020 abstine·

256 3071 339 3139 rent,
351 3066 385 3126 et
396 3079 490 3124 omne
504 3057 680 3123 barbarum
695 3054 910 3138 radicumque
921 3073 1026 3138 genus
1039 3057 1215 3137 aggeribus
1230 3057 1355 3122 intimis

254 3161 340 3226 muri
356 3167 528 3240 emerent;
544 3166 589 3239 et,
604 3177 680 3224 cum
696 3158 811 3222 bostes
825 3159 1032 3234 obarassent,
1044 3158 1205 3240 quicquid
1222 3158 1353 3223 berbidi

287 3375 300 3409 δ
318 3377 423 3428 Derecto
432 3381 488 3426 sant
498 3377 598 3425 ursario
608 3389 685 3423 omae.

254 3620 345 3670 dictans
360 3635 376 3669 o
393 3619 583 3668 dictatore—lb
599 3615 733 3680 lorportore
750 3615 829 3678 uellet,
847 3601 938 3664 uiderit
955 3613 1022 3664 aad.
1040 3621 1099 3664 sote
1109 3613 1292 3666 Granum-17
1310 3616 1350 3667 tr.

747 3791 854 3844 NOTAE

287 3915 395 3964 'Nuces
412 3918 491 3960 tomes
509 3907 587 3974 [inde]
602 3907 681 3971 susa]
698 3903 781 3954 blem-
821 3917 982 3968 numerique.
1017 3903 1087 3953 illoc
1105 3903 1282 3955 Praenestinos
1297 3908 1348 3956 Na·

255 3995 343 4044 brana
363 3993 457 4040 babent
477 3989 557 4036 Nuces
574 3990 649 4035 temer
662 3982 736 4044 srsae,
755 3981 781 4030 id
820 3981 883 4029 culos
894 3979 980 4030 dictos
996 3993 1054 4029 esse
1071 3980 1166 4030 Festos
1184 3991 1269 4039 notat,
1283 3983 1349 4048 qood

256 4077 305 4124 ort,
322 4067 437 4130 quamuis
456 4065 557 4113 intents
574 4069 644 4110 asser
663 4057 782 4107 custodio
820 4059 859 4106 bo
871 4058 973 4107 illorum
989 4057 1110 4106 cobortes
1124 4059 1233 4109 Casilini
1245 4062 1347 4111 incisu·

257 4143 405 4194 Pmnorurrr.
426 4139 587 4188 nibilominus
615 4145 694 4186 nuces
722 4147 781 4197 pro·
820 4132 1208 4183 soeooctbossrsteorsssenr.

251 4221 330 4284 jecta
351 4219 376 4265 iu
400 4213 494 4264 flumen
515 4212 667 4264 serebantur
690 4209 780 4261 Casili·
