2917 4767
361 364 467 414 unet
492 362 582 413 xlx.
604 360 931 415 sternumentum.

67 503 443 567 tmeRomnnnmdbns
455 506 650 567 ad'anohoras
658 508 805 569 utentibus
815 494 954 569 subdit
963 509 1040 570 soie·

65 601 162 661 bant.
186 600 251 661 Sed
263 601 317 661 ille
327 602 548 682 privata,qnam
557 603 698 673 habebat,
710 602 937 675 odenatum,
947 605 987 664 od
994 606 1038 665 in·

64 697 210 757 edurum
222 717 294 776 qnae
307 697 442 776 hiiybaro
455 700 616 777 praejacent
627 718 727 770 nnenr,
751 700 820 759 hino
831 694 949 769 deinde,
970 720 1039 761 curn

65 794 224 873 postridie
236 804 361 853 ventnrn
373 792 513 852 ferentem
526 802 629 853 nectus
641 803 726 863 esset,
749 796 830 855 eirca
842 798 976 875 qnertem
985 796 1038 855 ho-

67 908 138 947 rem
153 888 232 957 diei,
246 888 360 968 pelam,
377 890 607 969 inspectantibus
627 890 770 951 universis
788 890 915 949 hostiurn
934 892 1039 971 copiim

1117 350 1205 421 150⁹

68 982 419 1065 fflflqoefidnciem
431 986 625 1063 stupentibus,
639 994 756 1065 portum
768 986 900 1045 invecto
918 995 973 1045 est.
993 985 1041 1045 At
1059 1010 1064 1027 ·
1168 996 1172 1003 -
1191 1001 1195 1014 .

71 1076 243 1139 &menam
254 1079 369 1148 consul,
383 1089 416 1138 nt
426 1080 638 1157 regredientem
651 1082 849 1161 interciperet,
859 1081 985 1141 selectae
1000 1102 1040 1142 ex

70 1175 157 1233 omni
172 1194 300 1235 nurnero
312 1194 403 1235 naves
415 1174 518 1235 decenn
538 1194 592 1256 per
612 1186 729 1237 noctem
741 1177 845 1237 instrui
859 1178 967 1255 jubet:
988 1197 1042 1237 aes

70 1270 113 1329 ab
136 1280 270 1349 utroque
293 1270 386 1330 latere
409 1280 510 1350 portus
529 1276 619 1351 qnam
641 1272 775 1353 proxime
795 1272 835 1332 od
858 1273 962 1352 ipsum.
972 1274 1039 1352 ejus

68 1366 190 1425 οιιιὶιιιιι
200 1366 363 1427 oenstitnit.
399 1365 557 1427 Hannibal
568 1367 722 1428 celeritote¹
731 1368 816 1427 navia
832 1387 893 1427 aute
905 1366 1037 1429 confinis

71 1461 163 1521 dara
183 1462 253 1521 tuoe
277 1460 430 1541 procedit:
461 1464 660 1543 expectabant
673 1482 740 1523 acm
761 1463 867 1523 intenti
883 1465 1037 1543 pontique

76 1552 234 1628 Romani,
256 1558 403 1637 simulque
420 1568 528 1619 conatu
549 1568 660 1640 quanto
680 1566 817 1640 poterant
828 1560 860 1618 in
873 1578 940 1618 enm
961 1560 1036 1619 sere-

76 1654 201 1713 bantur.
247 1652 309 1713 Sed
325 1652 376 1713 ille
388 1654 545 1716 velocitate
557 1666 671 1715 tentnn
683 1657 833 1726 vincebat,
845 1664 890 1725 nt,
901 1655 1039 1734 effugisse

74 1768 135 1807 non
148 1758 323 1819 contentam,
336 1750 569 1821 nſtroiliuderet,
577 1752 665 1812 modo
674 1751 868 1829 adnavigane
881 1750 970 1811 modo
981 1752 1038 1810 cir-
1147 1769 1158 1826 j
1190 1787 1194 1794 ·

74 1854 266 1913 omvectns,
276 1846 361 1924 queri
374 1845 414 1905 ad
427 1866 554 1925 pugnem
567 1849 665 1907 hostes
677 1854 861 1927 provocoret.

114 1946 170 1999 13.
194 1940 272 1999 Hae
285 1940 412 2001 andacia
429 1962 496 2001 cum
515 1944 621 2023 naepins
643 1951 782 2012 meretis,
806 1940 1038 2001 multumrabns

75 2032 209 2097 Punicis
230 2034 395 2114 adjumenti
416 2036 552 2107 eontulit,
580 2037 660 2117 quod
682 2046 713 2097 et
738 2037 930 2096 obsessomm·
946 2036 1038 2096 enimi

74 2132 192 2191 nuntiis
209 2152 330 2191 urorum
349 2130 472 2191 mirifice
491 2134 707 2202 recreabantur,
732 2130 1037 2211 etque-poamtnbnt

76 2246 146 2287 unm
158 2226 342 2305 Carthagini
364 2236 477 2287 matrnro
489 2229 627 2306 cognosci
639 2236 793 2309 poterant:
813 2236 845 2286 et
861 2228 1038 2287 contumeli-

75 2346 130 2388 ose.
142 2329 233 2389 istius
244 2329 369 2387 hominis
387 2330 535 2389 temeritas
554 2328 709 2389 Romanos
726 2325 864 2386 molestie
881 2334 913 2385 et
925 2326 1037 2405 pudore

75 2424 224 2483 veniebat.
286 2422 454 2483 Juvabetnr
475 2432 573 2482 antem
599 2423 705 2501 peritis
735 2422 864 2481 maxime
893 2420 1036 2490 iocorum,

77 2520 162 2597 qnod
185 2520 216 2577 in
238 2518 361 2598 palustri
384 2517 437 2577 ilie
458 2536 631 2597 coenoseque
650 2516 759 2585 eluvie,
783 2534 940 2595 perquem
954 2515 1036 2595 Lily-

78 2614 178 2675 bunn
192 2614 304 2684 oditur,
317 2622 427 2673 certum
442 2612 592 2692 fidumque
610 2612 735 2673 neribus
749 2613 806 2670 iter
822 2620 960 2669 accurate
981 2612 1036 2669 ob-

77 2718 271 2771 servavero:
305 2709 421 2788 quoties
439 2708 519 2768 enirn
542 2710 581 2769 ab
603 2706 665 2767 olto
688 2708 808 2769 veniens
828 2706 859 2763 in
876 2714 1036 2783 conspecta

78 2804 192 2865 habere
206 2806 309 2865 urbem
329 2813 468 2884 ceperat,
489 2806 532 2863 ita
549 2804 723 2863 obvertebat
740 2820 858 2869 norem,
878 2810 912 2859 nt
931 2801 1037 2879 pnppia

81 2898 181 2961 Italia
196 2898 367 2979 respiceret,
388 2919 426 2959 ex
448 2918 535 2978 prora
552 2900 640 2959 turris
652 2897 853 2977 Lilyboetene‚
873 2914 940 2974 qnae
961 2896 1036 2954 mari

81 2996 268 3065 inminebet‚
283 2996 326 3055 ite
337 3003 513 3065 cerneretur,
524 3002 558 3053 nt
568 2996 700 3054 omnium
714 2990 957 3051 Afflcnnverern
963 2990 1037 3049 site·

80 3110 146 3150 rnm
158 3092 283 3151 turrium
295 3099 482 3170 conspectum
500 3099 630 3168 tegeret:
659 3106 727 3167 qnoe
747 3104 808 3145 nna
827 3086 971 3145 tutissimo
991 3093 1036 3143 est

81 3186 131 3245 via
141 3185 231 3266 pleno
244 3204 329 3245 cursu
344 3194 459 3265 portum
472 3186 641 3265 petentibus
654 3184 760 3243 nautia.
859 3186 862 3190 ’

120 3288 175 3341 14.
196 3280 324 3359 Jamque
335 3280 431 3360 piures
444 3302 507 3341 eme
520 3290 678 3361 ceperant,
693 3278 746 3358 qni
758 3276 885 3336 andacia
896 3285 929 3337 et
939 3273 1034 3334 felici·

82 3386 144 3435 tete
157 3375 344 3436 Hnnnibolis
366 3376 486 3436 incitati
504 3374 670 3457 Lilybsmm
691 3381 907 3433 commearent:
941 3370 1036 3433 donec

83 3474 157 3531 cesn'
169 3471 302 3550 quodam
320 3471 512 3551 quadriremis
531 3470 690 3531 celeritatis
709 3468 827 3529 eximie
844 3467 1034 3547 comprehen-

83 3566 210 3627 deretur.
253 3566 339 3627 Licet
350 3568 428 3627 enim
443 3566 509 3626 aliis
529 3568 660 3646 pentibus
672 3564 764 3625 moles
775 3584 796 3623 a
814 3561 959 3623 Romanis
965 3563 1034 3640 jac·

84 3670 130 3721 tes
139 3664 224 3722 venti
237 3681 274 3721 ec
286 3661 373 3723 nndse
384 3663 588 3743 raptavissent
602 3682 661 3722 nno
674 3670 772 3721 temen
785 3659 864 3729 loco,
877 3658 928 3718 ubi
940 3658 1035 3717 minus

83 3757 261 3837 prot'nndnm
280 3760 361 3817 maie
381 3757 487 3828 fuerat,
508 3758 719 3817 constiterunt:
749 3756 778 3815 ei
798 3754 886 3814 dorso
905 3756 1036 3832 impacta
1135 3766 1139 3774 ⁴

84 3854 166 3913 navis
182 3874 251 3914 ornm
263 3853 443 3924 obhaeeiseet
454 3862 543 3933 cepta
555 3873 574 3912 a
587 3853 734 3913 Romanis
751 3850 922 3930 optimoque
939 3846 1035 3907 milito

84 3958 113 4009 et
137 3949 260 4027 remigio
282 3949 435 4019 instructa,
460 3949 550 4007 etiem
571 3947 740 4007 Hannibali
769 3946 893 4006 exitium
922 3941 1035 4002 attilio

86 4042 207 4124 Quippe
220 4054 309 4105 noctu
321 4044 396 4103 forte
412 4046 556 4122 ingressus
573 4045 685 4113 urbem,
698 4063 766 4103 cnm
777 4044 807 4100 in
824 4040 919 4100 reditu
932 4037 1033 4118 pniom

84 4138 652 4221 edvinsetpqnedrirememqne'istaniad
662 4157 763 4199 onmes
772 4135 928 4197 menevia
937 4142 1032 4194 motus
