2917 4767
461 392 534 442 urs.
558 390 674 442 xxiv.
697 392 781 442 cnr.
803 376 857 442 17.
1122 380 1211 451 2015

70 540 223 618 torque.
278 537 403 619 Digna
415 554 471 600 res
487 536 575 613 visu,
590 542 628 601 ut
649 536 865 601 simulacrum
880 535 1039 602 celebrati
1053 536 1126 623 ejus
1142 540 1212 609 diel

73 636 290 716 Gracchus,
304 644 486 723 postquam
510 638 657 703 Remum
678 638 791 715 rediit,
814 638 908 720 pingi
925 638 1061 721 juberet
1079 642 1114 705 in
1137 643 1211 709 sede

74 738 302 818 Libertatis,
319 760 421 825 quam
431 746 527 823 pater
540 741 615 826 ejus
629 741 662 804 iu
677 739 849 805 Aventino
872 758 917 803 ex
937 741 1136 809 mulctalitia
1151 764 1210 829 pe·

76 843 191 907 cunia
205 843 413 909 faciendam
429 842 562 907 curarit
575 840 824 924 dedicavitque.

122 944 186 1007 17.
212 944 320 1009 Dum
336 945 410 1009 baec
424 945 466 1008 ad
480 943 706 1007 Beneventum
721 950 888 1024 geruntur,
912 942 1093 1023 Hannibal,
1109 946 1211 1033 depof

77 1044 233 1128 palatus
259 1066 382 1129 agrum
409 1044 688 1129 Neapolitanum,
713 1045 756 1109 ad
778 1043 914 1110 Nolam
943 1054 1055 1112 castra
1085 1058 1211 1115 movet.

79 1145 208 1224 Quem
227 1150 297 1213 ubi
310 1149 491 1213 adventare
506 1148 628 1212 consol
644 1149 762 1225 sensit,
777 1147 968 1231 Pomponio
984 1148 1212 1233 propretore‘

82 1268 163 1312 cum
176 1268 228 1313 eo
244 1252 414 1327 exercitu,
434 1250 494 1335 qui
508 1269 610 1332 super
624 1250 822 1315 Suessulam
838 1250 871 1314 iu
886 1251 1006 1317 castris
1020 1258 1102 1330 erat,
1119 1254 1211 1320 acci·

82 1356 133 1427 to,
153 1350 210 1415 ire
234 1353 378 1416 ebriam
395 1351 485 1417 hosti
505 1358 612 1435 parat,
633 1372 693 1417 uec
712 1372 841 1418 morum
856 1353 1039 1419 dimicandi
1062 1354 1210 1420 iacere¹¹

86 1452 130 1516 G.
154 1452 353 1518 Claudium
370 1454 537 1519 Neronem
554 1475 629 1520 cum
645 1457 765 1520 robore
780 1455 931 1538 equitum
947 1455 1083 1521 silentio
1098 1459 1210 1525 noctis

86 1572 153 1637 per
166 1572 341 1621 aversam
357 1558 506 1621 maxime
520 1557 563 1621 ab
584 1557 683 1621 hoste
698 1565 826 1640 portum
845 1558 985 1637 emittit3
1008 1558 1211 1626 circumvec-

91 1664 246 1740 tumque
261 1657 401 1722 occulto
415 1658 575 1742 subsequi
591 1659 716 1724 sensim
736 1678 855 1741 agmen
874 1659 1020 1724 hostiurn
1040 1658 1149 1743 jubet,
1164 1666 1211 1741 et,

91 1776 172 1821 cum
199 1769 364 1824 coortum
385 1760 539 1843 pralium
554 1760 723 1837 videret,¹²
745 1761 788 1825 ab
804 1766 896 1841 tergo
911 1779 947 1824 se
968 1759 1123 1844 objicere.
1168 1760 1212 1827 lu

93 1876 213 1925 errore
242 1864 388 1938 viarum,
414 1880 458 1925 on
481 1862 668 1943 exiguitate
690 1861 863 1944 temporis,
880 1860 973 1927 Nero
995 1862 1121 1945 exequi
1144 1880 1212 1927 non

92 1964 273 2042 potuerit,
289 1964 451 2027 incertum
465 1970 527 2028 est.
573 1962 723 2028 Absente
734 1981 775 2026 eo
791 1982 868 2027 cum
884 1962 1039 2046 praelium
1053 1965 1211 2029 commis·

96 2080 175 2126 sum
202 2072 314 2142 esset,
339 2065 490 2146 superior
517 2063 654 2148 quidem
678 2064 769 2129 houd
794 2064 894 2129 dubie
919 2064 1095 2129 Romanus
1121 2074 1210 2132 erat:

97 2166 174 2242 sed,
189 2168 280 2250 quia
294 2168 428 2251 equites
442 2185 508 2230 oon
522 2166 648 2230 affuere
661 2168 696 2230 in
719 2175 886 2251 tempore,
900 2167 987 2231 ratio
1010 2168 1210 2251 composite

63 2322 76 2338 ,
98 2269 147 2331 rei
168 2271 313 2334 turbata
335 2268 414 2333 est!
457 2269 538 2334 Non
565 2287 673 2333 ausus
694 2270 826 2352 insequi
841 2268 1000 2333 cedentes
1015 2267 1211 2345 Marcellus,

100 2368 320 2435 vincentibus
344 2372 418 2435 suis
441 2371 572 2452 siguum
592 2370 742 2455 receptui
766 2370 871 2435 dedit.
916 2369 1001 2435 Plus
1017 2376 1127 2435 tumen
1142 2369 1210 2435 duo

100 2471 212 2536 millia
239 2472 384 2536 bostium
409 2491 451 2535 eo
474 2471 644 2535 uiscera
668 2470 861 2537 traduntur:
895 2469 1077 2537 Romani¹³
1101 2470 1212 2536 minus

104 2572 402 2656 quadringentis.¹⁴
445 2572 536 2637 Solis
556 2572 626 2637 iere
641 2590 765 2636 occasu
786 2572 895 2649 Nero,
912 2573 999 2637 diem
1016 2577 1213 2665 noctemque

105 2677 334 2759 nequicquam
349 2674 503 2755 fatigatis
522 2674 620 2757 equis
642 2672 909 2755 hominibusque,
925 2692 966 2737 uo
982 2672 1059 2736 viso
1076 2672 1213 2756 quidem

106 2776 204 2842 hoste
226 2778 373 2855 rediens,
389 2776 477 2840 adeo
493 2777 637 2859 graviter
649 2782 699 2838 est
715 2776 758 2839 ab
781 2774 921 2838 consuls
936 2774 1162 2857 increpitus,¹⁵
1177 2778 1215 2839 ut

107 2895 170 2958 per
192 2898 271 2943 eum
294 2879 433 2945 stetisse
456 2878 596 2955 diceret,
618 2896 687 2959 quo
708 2876 820 2939 minus
842 2884 986 2958 accepta
1014 2873 1058 2939 ad
1078 2874 1213 2939 Cannas

109 2979 300 3046 redderetur
320 2981 410 3045 besti
435 2980 561 3045 clades.
605 2980 750 3044 Postero
773 2977 830 3043 die
853 2976 1029 3043 Romanus
1050 2977 1085 3040 in
1106 2974 1214 3041 aciem

142 3178 156 3211 ⁴
173 3180 379 3231 Perturbatum
388 3176 516 3228 eredenti
524 3178 666 3241 magendo
674 3180 745 3241 mu
756 3186 903 3226 wormat.

570 3320 752 3343 ”enmono

150 3444 178 3489 ll
197 3438 241 3489 ΑΙ.
256 3454 287 3488 ιιι
305 3452 395 3489 men
413 3436 543 3485 dimicandi
553 3434 723 3493 seura-12
738 3433 799 3483 Vei.
817 3434 861 3483 lib.
882 3447 925 3497 ep.
942 3432 1031 3495 Sigon.
1047 3448 1099 3481 eser
1114 3437 1215 3495 ceptae

110 3507 193 3567 prelio
209 3505 374 3553 rideret—lt
390 3501 457 3551 Edd.
469 3508 534 3549 vett.
551 3500 719 3561 Rumonem
753 3500 818 3549 Mu.
834 3498 1023 3551 Bononia-ld
1040 3498 1141 3547 ‘Forte
1156 3514 1215 3563 qao·

114 3568 243 3630 drirgmti,
261 3578 290 3617 ut
308 3569 317 3595 ⁴
333 3569 389 3631 plue
405 3567 459 3616 duo
476 3563 742 3627 millis,'rnore1irii,
755 3578 803 3615 uec
816 3571 903 3615 tannen
916 3562 1061 3629 perpetua'
1078 3564 1214 3626 Rupere.-

117 3636 146 3681 lt
162 3634 304 3697 increpetur
315 3632 383 3683 Edd.
396 3639 458 3681 vett.
471 3639 498 3681 et
511 3631 574 3681 Mes.
586 3628 711 3679 nonnulli.

607 3774 715 3827 NO'l'AE

115 3885 248 3941 generent
262 3874 451 3926 mubebant
464 3888 577 3922 menes:
596 3873 643 3921 erl·
682 3873 828 3936 epulentur.

116 3970 161 4006 nus
175 3954 258 4006 fortes
268 3954 383 4009 stabant,
393 3952 502 4015 aliisque
515 3949 643 3998 ministre·
715 3945 725 3980 ¹
740 3945 870 4009 Pomponio
885 3944 1039 4007 popalus]
1057 3942 1083 3991 le
1100 3956 1159 4007 esp.
1173 3947 1214 3995 lu.

116 4030 186 4093 bant,
201 4030 344 4094 eodemque
363 4037 479 4091 tempore
497 4026 584 4076 eibum
601 4040 643 4073 rn-
678 4023 768 4086 jussus
778 4020 864 4070 lueret
875 4020 947 4069 initio
958 4018 1032 4081 hujus
1044 4016 1102 4065 sunl
1114 4019 1140 4067 ln
1151 4032 1215 4081 egro

116 4107 287 4155 mebantennr
299 4106 374 4155 elib:
394 4111 424 4155 ut
435 4104 563 4167 hodieque
574 4101 642 4167 epod
683 4098 787 4148 Gallico
804 4110 921 4147 mouere:
945 4095 1005 4143 iude
1020 4094 1128 4143 Rornaur
1146 4096 1215 4147 scei-

118 4177 226 4231 l’oionoe
243 4182 332 4231 famuli
348 4195 415 4244 pone
431 4186 543 4241 stantes,
553 4179 644 4229 eodem
685 4182 740 4225 tarn
756 4171 835 4223 iniere
852 4179 966 4235 oportet,
978 4178 1006 4219 et
1018 4184 1077 4219 eun
1087 4170 1214 4223 Marcello

118 4263 233 4323 tenpore
261 4274 320 4311 ceu
349 4258 459 4310 dominis
473 4256 645 4323 fredentium,
684 4253 789 4305 contule
800 4251 827 4302 iu
838 4248 1006 4315 Campaniam
1019 4246 1174 4313 proiectum.
