2917 4767
682 360 718 409 Τ.
741 357 841 407 tlvtt

370 500 515 564 Claudius
539 500 685 561 ‘liberam
710 500 803 563 rideri
828 498 989 571 civitatem,
1017 496 1128 577 inqua
1148 495 1316 577 praesidium

368 598 474 659 alienas
493 598 588 677 genus
608 618 666 657 non
687 606 791 677 sponte
812 594 1027 677 oppidanorum
1048 594 1169 671 ageret'
1213 593 1269 652 Ad
1281 613 1317 653 ea

367 713 436 754 cum
447 692 634 773 responderet
645 712 742 763 nemo,
765 691 868 751 Poenis
880 709 941 771 prae
959 690 1106 769 superbie,
1130 688 1318 749 Mamertinis

367 796 447 849 metu
458 788 634 857 tacentibus,
646 788 692 847 vir
703 786 786 847 raier
797 796 828 846 et
840 794 981 866 promtus,
1003 794 1012 819 ⁴
1028 783 1187 865 Apparet,'
1209 786 1318 865 inquite-

367 890 430 942 ‘ex
452 882 509 942 hoe
532 882 596 963 ipso
618 881 734 941 silentio
756 890 863 951 vestro,
886 880 1170 959 Carthaginiensium
1195 888 1317 939 cauam

329 1044 332 1051 ,
365 978 514 1058 injustam,
535 988 567 1039 et
586 979 781 1039 Mamertinos
804 978 947 1037 libertatis
966 976 1069 1037 aridos
1089 996 1168 1036 esse:
1190 996 1272 1047 nam,
1287 978 1317 1035 ni

364 1075 407 1133 ita
418 1074 504 1145 soret,
522 1083 554 1135 et
573 1073 618 1133 iiii
638 1074 677 1133 da
690 1075 759 1153 jure
772 1093 824 1133 suo
837 1072 977 1132 disserere
991 1091 1050 1131 non
1063 1081 1266 1149 gravarentur,
1287 1062 1318 1130 et

364 1169 424 1239 isti,
434 1168 526 1241 nulla,
536 1170 561 1229 si
570 1190 638 1230 cum
647 1168 939 1247 Carthaginiensibus
947 1167 1099 1236 sentirent,
1112 1164 1318 1225 dissimulandi

363 1283 464 1336 cauma,
486 1266 634 1345 palamst
654 1274 755 1345 aperte
776 1262 939 1323 institutum
962 1261 1318 1341 illorum-approbarent!

364 1359 418 1418 Ad
439 1360 503 1420 haec
524 1362 616 1420 verba
641 1360 759 1419 fremitu
788 1358 1032 1417 Mamertinorum
1054 1368 1130 1429 orto,
1156 1356 1318 1437 multisque

362 1457 523 1517 orationem
536 1457 619 1517 illam
631 1466 665 1516 ut
676 1476 789 1518 veram.
799 1464 831 1515 et
848 1454 957 1513 intimis
969 1452 1101 1512 sensibus
1114 1454 1173 1511 suis
1190 1474 1318 1531 congru·

361 1561 460 1611 eutem
466 1552 666 1622 laudantibus,
677 1553 749 1611 satis
757 1553 786 1610 in
797 1549 951 1632 prasentia
959 1556 1124 1629 promotum
1134 1567 1196 1607 eme
1207 1558 1317 1627 putans

362 1645 527 1717 Romanus,
548 1646 629 1727 quod
649 1647 768 1707 habitus
790 1654 889 1703 tamen
911 1644 1073 1703 animorum
1090 1642 1314 1723 exploravisset,

362 1741 512 1821 Rhegium
524 1762 670 1821 regressus
682 1749 737 1801 est.
1306 1758 1308 1761 ·

380 1844 451 1897 46·
481 1836 591 1917 Neque
612 1837 706 1897 multo
726 1843 793 1916 post
814 1832 964 1893 adornatis
984 1852 1058 1912 quas
1078 1833 1209 1893 habebat
1228 1837 1314 1895 trire-

360 1932 456 1991 mibus
468 1935 593 1993 tentarit
604 1932 775 1991 transitum:
796 1928 848 1989 sed
863 1928 1023 1989 Poenorum
1038 1927 1184 2007 prefectis
1193 1938 1225 1986 et
1237 1929 1314 1989 mul-

359 2026 484 2085 titudine
492 2030 612 2085 navium
622 2033 653 2083 et
660 2025 690 2083 in
701 2024 852 2083 maritimis
864 2024 949 2083 rebus
956 2021 1076 2083 solertia
1084 2022 1172 2099 longe
1180 2022 1312 2095 inferior,

360 2120 401 2179 ad
425 2122 489 2180 haec
514 2106 657 2179 fluctuum
689 2117 805 2178 iliorum
831 2116 990 2188 violentia,
1018 2137 1092 2196 quos
1124 2126 1190 2177 orta
1214 2120 1313 2178 subito

360 2224 518 2294 tempestas
535 2224 641 2294 praeter
652 2213 771 2272 solitum
783 2217 1020 2293 exasperarent,
1034 2212 1177 2292 repulsus,
1199 2214 1315 2273 mimis

359 2308 482 2387 aliquot·
493 2308 669 2377 triremibus,
682 2308 786 2368 ceteris
799 2327 874 2385 aegre
887 2308 1020 2377 servatis,
1043 2308 1072 2365 in
1086 2317 1213 2387 portum,
1233 2308 1312 2368 unde

358 2405 483 2473 exierat,
509 2402 605 2463 rediit.
657 2402 768 2482 Neque
793 2402 947 2461 deterritus
972 2404 1029 2463 hoe
1054 2402 1250 2473 incommodo,
1279 2416 1314 2465 ut

358 2496 471 2556 meliori
484 2496 545 2557 alia
556 2499 775 2577 opportunitate
788 2496 933 2557 fortunam
947 2498 1051 2557 iterum
1061 2499 1187 2578 experiri
1200 2509 1312 2579 posset,

358 2612 447 2651 sares
457 2590 625 2661 reficiebat3
641 2611 710 2652 cnm
720 2594 759 2653 ab
769 2590 920 2651 Hannone
934 2592 974 2669 (is
985 2592 1163 2652 Mamertino
1173 2594 1312 2673 prmsidio

357 2686 482 2765 iratique
494 2686 635 2747 custodiae
649 2690 785 2765 praeerat)
796 2696 938 2746 venerunt
949 2686 1053 2757 nuntii,
1068 2688 1209 2766 quiequid
1224 2690 1310 2747 trire-

356 2782 448 2839 mium
474 2779 663 2837 hominumre
690 2775 837 2855 superiore
862 2781 1020 2839 certamine
1044 2780 1146 2842 Poeni·
1159 2794 1312 2862 ceperant,

356 2875 544 2935 adducentes.
587 2870 719 2950 Cupiens
732 2870 810 2929 enirn
831 2868 971 2928 foederrrm
993 2879 1142 2951 ruptorum
1157 2874 1314 2935 infamiam·

355 2968 503 3028 Romanis
516 2967 685 3046 impingere,
700 2963 855 3024 consilium
869 2964 925 3023 hoe
939 2964 1095 3044 amplexus
1106 2978 1170 3026 arat
1181 2966 1311 3041 Hanno,

355 3074 532 3143 qnestusque
550 3061 672 3142 possemi
686 3058 980 3137 Carthaginiensibus
1000 3058 1068 3119 freti
1089 3081 1141 3141 per
1161 3060 1221 3122 vim
1243 3074 1312 3124 terr-¹

354 3166 450 3219 tatam
474 3157 691 3236 navigationem
716 3174 789 3225 esse,
818 3152 857 3213 ed
878 3173 982 3233 pacem
1008 3163 1039 3213 et
1065 3154 1175 3215 foedera
1201 3161 1313 3236 majori

354 3253 494 3333 deinceps
504 3271 576 3312 cura
586 3248 731 3310 serrendo
741 3250 939 3328 provocabat:
954 3248 1006 3309 sed
1017 3249 1131 3321 audito,
1145 3250 1310 3313 Claudium

354 3348 451 3407 nullas
476 3345 660 3405 conditiones
686 3342 849 3413 admittere,
885 3344 938 3403 nisi
973 3344 1115 3405 Messana
1139 3347 1311 3426 presidium

353 3440 556 3510 deduceretur,
579 3438 706 3518 fretique
724 3438 928 3517 trajectionem
951 3438 1055 3499 iterum
1076 3440 1182 3510 moliri,
1203 3443 1312 3502 erola-¹

354 3536 457 3604 mavit,
479 3544 488 3569 ‘
503 3554 534 3592 se
547 3554 617 3594 vero
630 3554 687 3593 non
700 3554 762 3594 esse
776 3553 938 3616 passurum,
954 3543 987 3593 ut
999 3533 1131 3595 Romani
1141 3534 1189 3595 vel
1200 3556 1308 3597 manus

355 3630 385 3688 in
399 3630 455 3689 isto
467 3629 540 3687 mari
553 3628 725 3689 abluerent.’
834 3655 837 3668 ·
1262 3650 1266 3658 ·

397 3730 449 3787 27.
471 3722 581 3803 Neque
592 3734 693 3785 tamen
705 3725 858 3805 prohibere
873 3726 981 3805 potuit,
994 3724 1065 3803 quin
1079 3723 1235 3797 Claudius,
1250 3729 1309 3787 ob:

357 3829 474 3880 servata
492 3818 559 3879 freti
582 3829 697 3891 natura,
720 3828 898 3901 captatoque
919 3830 1049 3901 ternpore
1070 3840 1137 3880 curn
1158 3820 1308 3883 refluxum

357 3918 423 3994 ejus
441 3916 531 3975 etiam
544 3924 624 3975 ortus
643 3915 797 3976 commode
817 3924 920 3975 ventus
942 3914 1107 3993 adjuvaret,
1133 3917 1307 3996 priusquam

357 4013 470 4071 oecuru
489 4019 596 4091 ponet,
619 4010 752 4071 Siciliam
771 4020 892 4071 teneret.
935 4010 984 4070 Ibi
1007 4010 1250 4071 Mamertinorum
1273 4014 1306 4072 irr

226 4150 230 4160 .
357 4113 443 4186 portu
451 4118 628 4187 repertorum
637 4116 742 4167 coacta
749 4106 899 4178 concione,
913 4107 1064 4187 persuasit,
1078 4115 1111 4165 ut
1120 4104 1305 4167 Hannonem

358 4199 546 4276 advocarent,
568 4211 708 4283 tanquam
719 4201 758 4264 de
771 4202 906 4283 presenti
924 4202 1041 4280 negotio
1061 4221 1128 4261 curn
1141 4220 1177 4261 eo
1188 4192 1305 4261 delibe-
