2917 4767
473 414 546 462 crs.
569 412 683 461 xxrv.
707 411 789 461 oar.
811 396 866 461 40.
1124 396 1212 463 205⁷

97 563 250 621 centum
270 556 389 639 uiginti
407 557 539 622 flumine
555 555 720 621 adverso·
733 557 946 621 subrectum:
970 553 1212 633 deludentem

94 676 168 721 res
184 654 309 720 tardior
320 676 381 739 ape
396 657 506 735 fucrit,
522 658 566 723 ad
583 657 719 722 Oricum
740 658 829 723 clam
841 664 940 722 nocte
956 659 1134 723 exercitum
1151 660 1212 723 ad-

96 759 278 821 mouisse:
300 776 443 841 eamque
458 760 584 837 urbem,
606 760 703 823 situm
721 759 757 823 in
778 760 892 842 plano,
911 778 1019 842 neque
1033 760 1211 837 moenibus,

97 878 222 941 neque
237 860 319 923 viris
333 866 431 942 atquc
442 859 467 897 ¹⁸
483 861 584 923 armis
600 860 772 938 validam,
785 862 893 944 primo
917 860 1046 942 impetu
1072 880 1211 945 oppres-

11 971 24 979 ·
99 978 188 1023 sam
204 979 289 1024 esse.
332 960 421 1024 Haec
434 962 628 1024 nuntiantes
648 962 799 1038 orabant,
823 968 861 1023 nt
883 980 981 1043 opem
1003 960 1113 1038 ferret,
1132 961 1213 1025 bos-

98 1068 250 1144 temque
277 1061 366 1126 buud
391 1060 529 1125 dubium
556 1061 721 1126 Romanis
749 1070 838 1127 terra
861 1068 918 1128 aut
940 1063 1111 1127 maritimis
1137 1064 1212 1127 uiri-

100 1163 239 1226 bus¹⁹·
264 1170 409 1242 arceret;
431 1165 487 1245 qui
514 1163 558 1225 ob
582 1162 712 1226 nullam
739 1164 840 1228 aliam
864 1182 1015 1241 causam,
1035 1165 1098 1229 nisi
1118 1162 1213 1247 quod

102 1265 326 1329 imminerent
341 1265 462 1339 ltaliae,
477 1272 677 1347 peterentur.
720 1264 770 1327 M.
784 1263 956 1340 Valerium,
970 1264 1130 1347 praesidio
1144 1264 1213 1329 loci

103 1367 190 1449 ejus
203 1364 345 1431 relicto¹>
360 1364 400 1430 P.
414 1365 551 1429 Valerio
565 1366 675 1445 legato
690 1384 766 1429 cnm
782 1366 894 1430 classe
906 1366 1069 1430 instructa
1081 1374 1213 1451 puratu-

105 1487 194 1551 qne‚
208 1474 252 1543 et,
267 1468 356 1551 quod
371 1468 484 1547 longae
499 1486 603 1531 naves
618 1468 759 1532 rnilitum
781 1487 903 1550 capere
919 1487 984 1531 nou
1000 1473 1163 1550 poterant,
1179 1469 1215 1531 iu

107 1570 286 1631 onerarias
300 1567 483 1650 impositis,
499 1566 607 1629 altero
622 1566 677 1629 die
692 1565 829 1631 Oricum
846 1570 1017 1651 pervenit3
1033 1571 1215 1652 urbemque

107 1688 203 1745 euna,
218 1668 284 1731 leri
300 1674 434 1731 tenente
447 1667 617 1749 praesidio,
641 1667 733 1749 quod
755 1669 913 1733 recedens
937 1670 1014 1734 inde
1036 1671 1218 1753 reliquerat

58 1828 72 1855 x
111 1770 341 1854 Philippus‚²⁰
355 1768 443 1833 band
458 1788 580 1850 magno
600 1768 781 1833 certamine
804 1773 938 1853 recepit.
984 1770 1101 1850 Legati
1115 1788 1157 1833 eo
1171 1774 1216 1836 ab

110 1872 302 1955 Apollonia
327 1881 496 1947 venerunt,
521 1873 725 1946 nuntiantes,
751 1871 786 1933 iu
812 1864 987 1932 obsidione
1013 1888 1100 1948 sese,
1124 1873 1217 1955 quod

109 1974 256 2037 delicere
277 1974 322 2037 ab
345 1972 512 2037 Romanis
537 1972 673 2047 nollent,
698 1990 795 2054 ess93
819 1988 929 2054 neque
946 1972 1112 2035 sustinere
1129 1973 1217 2038 ultra

110 2076 185 2139 vim
213 2072 439 2137 Macedonum
465 2093 579 2157 posse,
605 2075 671 2136 nisi
695 2071 893 2155 praesidinm
914 2074 1064 2137 mittatur
1087 2073 1216 2140 Roma-

111 2195 209 2239 num.
262 2174 446 2238 Facturum
471 2193 519 2249 se,
547 2192 624 2255 quac
650 2174 783 2248 vellant,
809 2172 992 2255 pollicitus,
1017 2174 1086 2238 dno
1112 2175 1218 2241 millia

579 2338 761 2359 taceremne

154 2450 187 2495 17
205 2448 308 2498 Lecibar
319 2450 444 2499 biremibus
453 2449 519 2499 Edd.
527 2455 588 2499 ante
600 2448 783 2499 Granum-18
799 2451 883 2514 Neque
894 2449 960 2500 Edd.
969 2458 1030 2501 ante
1039 2451 1219 2501 Gronau-1⁹

117 2512 127 2539 ‘
140 2513 274 2561 Maritiara‘e
282 2513 379 2562 urbibus
387 2528 453 2562 uuna
462 2514 520 2562 l'al.
530 2522 557 2561 et
567 2514 680 2561 Remmia
687 2520 837 2574 aamercort
847 2521 941 2565 actara
951 2529 979 2563 uc
994 2516 1134 2564 manteau:
1151 2513 1221 2563 unde

118 2578 204 2626 Gron.
211 2576 277 2640 conj.
286 2578 402 2627 Remmia
412 2579 564 2627 Mecum-r
572 2578 645 2639 Epiri
654 2578 735 2625 merit.
747 2578 841 2626 rubibus
851 2594 875 2627 a.
886 2594 938 2640 qua
950 2585 1003 2627 cet.
1013 2586 1042 2627 et
1051 2578 1157 2631 rectius,
1164 2578 1221 2638 opi·

117 2655 179 2700 nor,
189 2641 290 2690 Ruben.
299 2642 369 2690 Rosa
380 2643 443 2690 mari
452 2648 556 2691 aeterra
563 2658 578 2689 a
588 2641 669 2689 arria
681 2640 808 2689 artioara.
818 2656 871 2704 quor
879 2641 939 2691 cet!
948 2642 1050 2705 Rupert.
1071 2640 1132 2690 Vid.
1139 2640 1184 2689 iul.
1192 2647 1220 2689 et

119 2704 187 2753 Not.
194 2705 324 2756 Van-2⁰
336 2708 344 2732 ⁴
353 2707 423 2761 Quod
432 2710 540 2755 recederes
545 2706 601 2755 inde
608 2705 736 2767 reliquerat
742 2706 877 2768 Philippus.
892 2706 990 2755 Vocem
1000 2706 1115 2755 ultimam
1125 2704 1220 2767 ubique

117 2768 250 2819 desidero.
275 2770 372 2820 Forsan
382 2772 480 2821 excidit
492 2772 582 2821 rocula
592 2785 646 2832 rec,
657 2768 769 2834 fuitque,
779 2772 841 2833 quod
851 2771 959 2821 recedens
967 2771 1021 2820 lade
1031 2784 1075 2819 rex
1085 2768 1221 2832 reliqueret.

614 2915 725 2966 moute

119 3026 290 3077 occidentalia
311 3028 372 3077 urba
394 3026 446 3077 fuit
466 3027 605 3091 Apollonia
623 3026 650 3075 in
722 3033 733 3059 ¹
750 3027 858 3075 Flumine
874 3027 983 3085 udaeam]
1001 3027 1072 3075 ilinc
1089 3027 1222 3089 conjicere

117 3102 312 3151 Taulantiorum
322 3105 435 3165 regione,
445 3103 513 3152 inter
521 3102 650 3151 Auloncrn
691 3106 731 3149 eet
743 3099 905 3163 Apolloniam
917 3100 1042 3149 Veterum
1060 3114 1113 3149 nou
1132 3098 1222 3159 fuisse,

117 3190 147 3229 et
156 3179 358 3242 Dyrrhachium,
367 3179 399 3228 ad
410 3176 523 3227 Aoumtl.
533 3179 577 3241 qui
586 3178 650 3225 Pto·
691 3186 721 3226 nt
738 3179 792 3227 vult
811 3177 847 3227 N.
856 3176 948 3239 Sanco,
959 3177 1004 3227 ubi
1016 3192 1085 3227 nunc
1095 3178 1222 3242 uptam,

117 3257 214 3305 lemaeo
232 3256 312 3317 Lous,
330 3255 358 3303 in
376 3254 537 3304 Adriaticum
557 3252 651 3302 defluit
691 3251 789 3317 quaead
801 3252 894 3301 ostium
903 3250 1026 3300 fluminis.

118 3346 203 3381 rnara.
237 3331 348 3380 Condita
364 3331 417 3380 fnit
433 3328 650 3379 bacurbaaCo·
723 3324 878 3376 *Terraque
889 3326 1223 3394 maritimiauin'barJValdc

119 3406 226 3455 rintlriie
243 3412 272 3455 et
289 3406 446 3470 corcyraeis,
457 3406 547 3456 dacem
559 3404 650 3454 stadiis
692 3410 831 3465 corruptus
864 3403 890 3451 iu
923 3405 1108 3467 manuscriptis
1142 3407 1224 3455 locus.

119 3480 364 3531 adextraflunrinia
376 3483 447 3545 ripaq
464 3498 479 3531 a
496 3482 562 3531 mari
575 3481 651 3530 Adri·
693 3476 811 3539 Optime,
829 3478 855 3527 ni
877 3476 963 3541 fallor,
981 3479 1083 3529 Ruben.
1101 3482 1225 3544 correxlt,

120 3558 193 3606 atico
216 3558 361 3621 sexaginta,
382 3558 409 3607 id
431 3565 482 3620 eat,
504 3564 565 3607 octo
594 3556 652 3607 fere
691 3554 897 3605 mriccterrcu
913 3556 1041 3606 nardinis
1051 3557 1147 3608 urbibus
1158 3573 1224 3608 erce·

121 3634 288 3683 milliaribus:
306 3632 446 3698 floruitque
465 3634 571 3698 optimis
588 3634 653 3697 legl-
691 3635 738 3679 ret·
765 3629 880 3681 Gronov·
897 3634 1052 3696 munientur.
1071 3632 1225 3686 Mundum

120 3709 179 3758 bna.
214 3707 298 3771 Niger
313 3718 390 3773 pntat
401 3710 491 3772 Picrgo
501 3711 563 3773 dici,
575 3710 653 3759 Plue-
693 3705 766 3768 Epiri
775 3707 903 3757 mritirar'c
912 3708 1008 3758 urbibus
1017 3715 1116 3760 arceret.

123 3792 167 3834 tna
188 3783 299 3847 Sicanii.
331 3785 438 3844 Melius,
453 3785 481 3834 ni
502 3784 588 3850 fallor,
606 3785 653 3834 So·
725 3784 793 3835 bM.
809 3786 1171 3847 maerensmaerens
1186 3801 1225 3837 re·

122 3858 234 3923 pbianua
259 3859 392 3923 antiquum
420 3874 513 3909 nomen
539 3862 654 3910 retinere
693 3860 761 3923 licto]
778 3860 892 3923 conjicit
903 3861 1021 3910 Gronov.
1038 3877 1070 3910 ex
1088 3862 1149 3911 Pet·
1162 3862 1224 3911 allo·

123 3940 216 3999 putat3
241 3941 332 3984 extant
352 3936 421 3985 enim
444 3936 522 3998 prisci
545 3936 654 3985 nominis
695 3950 746 3999 qne
768 3935 941 3984 vetustissimo
965 3936 1023 3987 cod.
1050 3936 1089 3987 M.
1115 3936 1226 3987 Valerius

123 4009 235 4072 vestigia
254 4010 281 4057 in
300 4024 362 4073 opp.
382 4011 471 4060 Polias
484 4010 516 4059 cd
528 4012 655 4075 cognomi·
694 4010 784 4061 duobus
800 4011 902 4060 millibus
918 4012 1072 4077 maudicque
1089 4014 1123 4063 ela
1136 4014 1163 4063 T.
1178 4014 1225 4064 Va·

124 4098 186 4133 uem
204 4083 310 4133 tlurinm
329 4086 356 4134 in
368 4087 480 4137 Albania
495 4088 597 4138 'l'urclci
609 4089 656 4137 inr-
696 4088 756 4138 ier-ic
775 4088 873 4149 relictis,
885 4088 1026 4153 laudatque
1040 4090 1167 4140 Cererem
1182 4091 1226 4141 lib.

123 4161 191 4223 parii
211 4162 329 4225 regione,
339 4176 371 4211 eo
390 4171 474 4214 tractu
491 4165 536 4230 qui
549 4172 657 4216 vocatur
696 4179 723 4214 v.
739 4164 772 4213 de
788 4163 863 4213 Bello
878 4164 990 4226 Gallico,
1006 4165 1144 4228 t-praeridio
1156 4168 1226 4218 nari·

125 4238 247 4287 laPlucc.
697 4240 746 4290 bur
757 4241 790 4295 Q,
802 4239 906 4292 Arrium
919 4236 1053 4304 prefecit?

193 4316 282 4382 Delplr.
293 4325 316 4370 et
328 4319 387 4371 Ver.
400 4320 463 4371 Clas.
636 4320 730 4373 Liciar.
1104 4328 1121 4370 6
1140 4322 1161 4371 T
