2917 4767
739 352 774 403 l'.
798 352 893 402 Liuii

406 498 574 559 fulminibus
593 508 718 578 quotuor
739 506 771 559 et
791 498 911 578 triginta
930 497 1091 586 interirapt,
1112 496 1204 558 adlati
1222 506 1255 558 et
1267 499 1353 561 semi·

405 595 510 655 mortni
531 594 759 675 relinquerentur
777 595 838 655 dno
856 604 888 654 et
903 594 1026 672 viginti:
1042 596 1184 671 jumentis
1195 596 1290 655 etiam
1303 616 1354 656 ao-
1452 635 1453 670 3

403 689 471 751 dem
484 690 598 750 turbine
610 690 748 750 extinctis
759 699 812 750 aut
821 689 983 751 debilitatis
993 688 1197 770 compluribus.

445 794 494 846 11.
516 786 650 866 Pyrrhus
661 787 773 847 interea
783 803 852 847 oum
863 804 959 847 vacua
969 793 1001 845 et
1015 786 1132 846 deserta
1144 785 1356 845 Romanorum
1452 783 1453 786 ’

402 891 499 942 cestra
510 884 644 962 cepisset,
657 883 781 942 victorin
792 901 850 943 non
856 883 982 960 segniter
993 898 1072 951 usus,
1085 882 1231 961 promovit
1237 881 1354 960 copies,

402 978 607 1058 vastandisque
632 979 830 1058 pmxim0rum
847 994 1029 1057 quorumque
1050 977 1137 1055 agris,
1158 975 1198 1036 ab
1219 976 1356 1035 nmicitiu

277 1076 291 1106 ¹¹
316 1059 348 1109 ¹¹¹·
402 1072 604 1134 Romanorum
634 1074 792 1153 permultos
823 1073 946 1153 populos
978 1073 1093 1131 evertit„
1147 1070 1356 1152 Supervenere

242 1137 321 1233 uun·
348 1157 355 1171 ⁸
401 1167 508 1231 deinde
520 1170 591 1230 socii
605 1169 716 1230 Lucani
731 1167 952 1248 Samnitesque:
972 1169 1079 1247 quihus
1086 1167 1190 1227 leviter
1197 1168 1355 1247 castigatis

258 1282 273 1314 0
304 1282 322 1316 r·
401 1264 481 1344 quod
502 1274 664 1345 pugnaturo
684 1281 742 1325 nou
763 1264 924 1335 affuissent,
936 1272 1049 1345 purtem
1068 1270 1166 1324 tamen
1186 1264 1353 1344 spoliorum

271 1378 283 1409 u
401 1358 502 1420 dedit:
523 1380 559 1419 ec
572 1361 635 1440 ipso
647 1376 823 1440 magnopere
836 1359 921 1420 leus
931 1357 1116 1430 etexnltans,
1130 1359 1230 1438 ‘quod
1243 1368 1355 1439 prater

400 1474 468 1514 suus
486 1455 586 1535 copies
604 1455 769 1515 Tarentinis
787 1464 902 1516 tentum
918 1455 1038 1514 auxiliis
1049 1454 1177 1532 adjutus,
1191 1452 1354 1514 Remum

400 1570 463 1609 rum
485 1551 630 1627 ingentem
655 1566 807 1610 numerum
831 1550 974 1612 fudisset?
1015 1550 1135 1610 Intento
1159 1550 1188 1607 iu
1215 1550 1353 1609 rictffloe

400 1645 525 1706 fructuum
538 1646 669 1725 Pyrrho,
682 1644 745 1705 elie
758 1664 797 1705 ex
819 1655 902 1725 purte
918 1646 1054 1705 Loevinus
1069 1644 1200 1705 curando
1219 1647 1350 1714 numos.

313 1778 320 1791 ·
398 1740 564 1819 colligendo
576 1740 730 1820 dispersos,
746 1758 865 1800 manum
885 1760 982 1800 rursns
1001 1739 1081 1800 hand
1101 1739 1350 1799 contemnendam

269 1856 282 1886 u
397 1836 545 1897 effecerat.
587 1835 629 1894 Et
648 1843 778 1906 senatus,
797 1854 965 1915 quenquam
982 1834 1067 1895 multi
1082 1834 1201 1915 culpam
1214 1844 1349 1915 accepta

396 1930 490 1992 cludis
502 1932 687 2012 imputabunt
697 1930 821 2001 conmli,
836 1930 1045 2010 Febricinsqne
1056 1928 1184 2001 dixerat,
1198 1930 1350 1990 ‘nonsibi

279 2036 282 2043 ’
397 2024 551 2088 Romanoe
563 2027 602 2087 ab
616 2024 756 2107 Epirotis,
774 2020 840 2086 sen'
849 2026 1000 2086 Lentim
1012 2046 1032 2085 a
1044 2026 1163 2106 Pyrrho
1174 2025 1286 2085 vietum
1300 2027 1346 2085 ri-

310 2118 316 2128 '
351 2152 358 2169 ·
396 2122 480 2192 deri,’
500 2121 733 2202 supplementum
753 2122 782 2181 ei
803 2120 977 2181 mittendum
996 2122 1119 2181 censuit.
1169 2120 1248 2181 (inm
1270 2142 1345 2181 voce

233 2196 289 2292 ⁸1⁸2·
311 2280 316 2295 ,
360 2198 384 2233 '¹
397 2216 538 2297 preconis
550 2212 678 2276 edictum
690 2226 778 2288 esset,
791 2225 801 2253 ⁴
814 2216 867 2297 qni
886 2216 917 2276 ln
938 2217 1100 2277 occisorum
1122 2216 1218 2276 locum
1238 2217 1344 2297 patrio

396 2330 504 2371 nevere
516 2326 635 2391 operatu
646 2309 768 2383 vellent,
781 2312 825 2371 nti
837 2314 956 2372 nomina
966 2312 1071 2372 darent
1080 2313 1102 2382 ς’
1119 2313 1254 2373 certatim
1266 2312 1343 2374 dnn-

394 2407 483 2476 tibns,
495 2406 629 2465 celeriter
640 2406 764 2466 duarum
776 2406 924 2484 legionum
937 2424 1073 2466 numerus
1084 2407 1220 2487 expletus
1230 2414 1285 2466 est.

308 2537 315 2553 ·
435 2508 484 2561 12.
507 2500 569 2560 His
580 2500 673 2581 copiis
685 2509 789 2561 auctus
800 2500 913 2572 consul,
921 2502 1034 2581 Pyrrhi
1045 2502 1169 2580 vestigia
1179 2498 1340 2581 sequendo,

393 2596 500 2677 quihus
519 2604 635 2676 poterat
654 2596 817 2656 exercitum
838 2598 904 2674 ejus
923 2596 1113 2656 incommodis
1131 2596 1280 2657 vexabat:
1308 2608 1341 2658 et

393 2710 460 2753 cum
473 2690 652 2771 occupandae
661 2690 776 2771 (inpure
783 2690 907 2750 consilia
918 2707 1016 2768 regem
1023 2692 1134 2769 agitnre
1141 2694 1338 2771 comperisset,

392 2788 561 2847 festinanter
582 2786 713 2848 exercitu
733 2783 835 2857 demto,
854 2786 997 2866 prevenit
1015 2804 1095 2856 eum,
1116 2787 1287 2867 cunctisque
1299 2788 1339 2847 sd

392 2883 589 2943 detentionem
601 2882 721 2963 putatia
735 2882 775 2943 uh
793 2880 961 2942 invadenda
979 2874 1052 2941 urbe
1067 2881 1217 2941 detenuit.
1257 2882 1338 2963 Pyr-

393 2980 461 3039 rhus
483 2978 645 3060 Neapolim
668 2978 749 3041 llexo
768 2978 882 3048 itinere,
902 2985 991 3057 atque
1013 2978 1054 3036 ibi
1075 2993 1194 3057 quoqne
1212 2996 1265 3058 spe
1284 2992 1339 3039 sun

392 3076 555 3148 intstratrs,
577 3077 707 3157 protinus
727 3075 766 3136 ad
786 3076 879 3156 ipsam
899 3067 1030 3134 Romam
1050 3075 1163 3153 mugnis
1187 3075 1339 3136 itineribus

246 3182 292 3230 Liv
277 3182 379 3247 E.pit.
393 3171 733 3233 Lutiuevincontendit.
773 3170 843 3231 Jnm
864 3170 903 3229 ab
924 3168 1065 3247 Anagnis
1084 3181 1115 3230 et
1137 3170 1336 3232 Hernicorum

392 3285 473 3345 egro,
496 3266 637 3343 Fregellis
655 3264 750 3325 obiter
770 3265 956 3345 expugnatis,
978 3265 1133 3325 Prteneste
1153 3274 1336 3346 pervenerat,

228 3310 328 3425 lucr.¹⁸²¹
308 3388 327 3422 1.
338 3378 378 3426 rs.
392 3362 467 3420 intra
479 3360 648 3421 vicesimum
663 3361 702 3421 ab
719 3361 791 3421 urbe
805 3358 943 3441 lapidem.
986 3359 1047 3421 Sed
1066 3362 1171 3421 urbani
1183 3363 1337 3440 magistra-

228 3470 292 3520 Plut.

226 3757 309 3809 zoom

391 3465 448 3527 tus,
461 3454 546 3515 simul
560 3462 649 3535 atque
661 3455 698 3516 de
711 3455 797 3516 clade
809 3455 942 3516 anditum
958 3455 1065 3528 linerat,
1078 3458 1161 3517 noris
1172 3456 1336 3519 delentibus

389 3568 427 3612 ex
441 3550 712 3613 seneturconsnlto¹
697 3553 829 3631 Juniorcs
844 3560 1044 3612 amaverunt.
1066 3552 1205 3633 aliudque
1218 3572 1276 3613 non
1289 3554 1333 3614 in·

389 3646 520 3709 validum
533 3646 676 3707 auxilium
689 3647 791 3732 populi
803 3644 934 3707 Romani
948 3646 1066 3707 lortnnn
1080 3656 1210 3728 tempore
1233 3665 1333 3709 neces-

387 3744 463 3805 serio
476 3742 651 3824 provideret.
680 3742 793 3804 Consul
805 3744 882 3803 enim
899 3742 973 3803 alter
984 3742 1031 3803 Ti.
1045 3743 1258 3815 Coruncanius,
1271 3757 1333 3804 me·

388 3839 459 3900 licre
480 3838 597 3911 fortune
615 3856 684 3901 enm
705 3836 836 3900 Etruscis
847 3858 1025 3918 congressus,
1038 3840 1201 3900 nniversam
1216 3846 1331 3917 gentem

388 3936 470 3997 novis
489 3934 645 3997 loederibus
665 3936 878 3996 obstrinxerat:
899 3939 931 3993 et
945 3933 984 3995 cd
997 3935 1120 3995 hrtelnm
1133 3935 1235 4016 patrie
1248 3953 1331 3994 revo-

226 4046 330 4113 Apptm.
386 4038 473 4091 cente
484 4042 597 4103 senatu,
611 4031 693 4095 nullo
705 4030 764 4093 elic
775 4031 858 4091 hoste
875 4030 1032 4093 distraetus
1046 4050 1113 4091 cum
1125 4030 1257 4091 exercitu
1269 4032 1330 4093 ric·

386 4133 449 4186 tore
461 4128 640 4192 accurrebat.
