2917 4767
206 778 1156 911 SUPPLEMENTUM

556 1073 693 1141 LIBRI
722 1074 808 1141 XV.

466 1311 903 1391 HISTORIARUM

279 1552 344 1639 T.
404 1553 610 1641 L1v11
671 1550 1076 1690 ΡΑΤΑνΙΝΙ.

116 2064 147 2116 1.
161 2022 380 2115 Sornnsrrs
389 2054 556 2134 postmuttu
563 2056 725 2115 eertumino
732 2055 920 2117 validissimis
926 2056 1071 2128 hostibus,

115 2161 262 2230 partoque
284 2170 337 2230 per
356 2147 479 2210 Iuliam
493 2170 579 2231 poce,
600 2161 751 2233 supererat
764 2172 801 2212 eu
813 2151 988 2212 deliberatio
1002 2152 1068 2211 Po-

115 2248 222 2317 tribus,
241 2244 490 2325 quemadmodum
504 2247 628 2307 victorie
639 2248 714 2307 bene
728 2257 886 2308 uterentur.
930 2246 1072 2309 Mulcteri

115 2354 202 2423 purte
224 2342 329 2401 tiniurn
349 2362 461 2412 omnes,
484 2343 535 2421 qui
557 2362 639 2403 nme
660 2354 764 2404 contre
780 2343 920 2416 tulerunt,
934 2344 1070 2425 populos,

115 2438 251 2517 placuit:
273 2438 416 2497 severiore
437 2436 597 2497 sdvereum
604 2437 780 2499 Tarentinos
792 2438 935 2511 vindicte,
958 2450 1070 2520 quanto

117 2532 563 2615 intemperentiueoffenderont.
582 2532 833 2615 Armeneresque
842 2534 957 2595 trudere
965 2536 1068 2614 juxis,
1080 2544 1164 2594 Ζοωι.

115 2632 193 2690 muri
206 2650 327 2710 quoque
339 2628 429 2688 diruti
447 2638 526 2699 eunt,
544 2629 743 2709 tributumque
756 2630 871 2690 civitati
885 2631 1068 2711 impositum:
1081 2639 1231 2707 Iinltpuv.

116 2748 178 2807 ραι
200 2725 290 2785 modo
311 2744 379 2785 eum
398 2723 701 2804 libertuteoonoeesu.
737 2724 826 2785 Nihil
845 2724 952 2785 deinde
974 2728 1166 2802 visumPolyb.
1178 2753 1197 2787 1.
1208 2740 1233 2787 t.

117 2823 279 2901 antiquius,
292 2838 381 2899 quem
399 2818 555 2898 perfidiam
568 2820 665 2899 puniri
677 2818 811 2898 legionis,
828 2838 906 2898 quoe,
922 2818 1068 2899 Rheginis
1293 2832 1296 2839 ‘

115 2918 186 2977 dolo
199 2916 416 2985 circumventis,
437 2914 578 2995 oppidum
595 2935 697 2975 eorum
716 2913 864 2975 decimum
875 2915 941 2991 jem
959 2934 1066 2977 annum

116 3034 169 3093 pro
181 3032 237 3072 suo
249 3011 428 3091 possidebat.
471 3008 520 3070 Hi
532 3030 601 3070 oum
612 3019 681 3070 onte
701 3008 907 3091 providissent,
921 3008 1067 3071 Rommis
1076 3020 1106 3069 Li
1107 3038 1232 3074 111111111

115 3110 203 3168 rebus
213 3106 346 3187 quotidie
360 3106 532 3176 letioribus,
554 3126 639 3165 suum
660 3104 757 3165 scelus
778 3102 903 3163 inultum
921 3122 979 3164 nou
993 3090 1119 3181 forem·

115 3203 256 3284 quicquid
276 3202 316 3262 ud
337 3200 593 3261 communiendam
614 3202 727 3271 urbem,
746 3199 880 3279 viresque
902 3198 1066 3262 defensioni

115 3299 262 3380 purundus
270 3298 448 3380 pertinebat,
462 3295 576 3357 solicite
586 3296 875 3358 udminietrnverent:
891 3316 949 3357 non
961 3297 1065 3375 ignari,

115 3394 194 3475 quod
207 3393 312 3455 froude
332 3394 421 3473 vique
441 3401 558 3473 portum
577 3402 664 3462 esset,
686 3393 742 3451 nisi
765 3390 868 3451 iisdem
881 3392 941 3452 illis
954 3394 1066 3455 ortibus

112 3491 164 3550 diu
185 3491 302 3551 retineri
323 3510 384 3549 non
404 3510 499 3569 posse.
551 3488 669 3549 Preter
695 3487 813 3547 insitum
833 3487 973 3549 ferocium
998 3489 1065 3551 freti

114 3596 196 3647 erunt
209 3586 342 3646 amicitie
355 3584 609 3656 Mamertinorum,
629 3602 822 3663 suooessuque
836 3583 974 3645 adversus
988 3583 1062 3646 Cer-

114 3684 320 3763 tbnginiensee
330 3681 438 3742 deinde
446 3682 610 3762 Pyrrhum,
621 3680 835 3760 quourbissuae
844 3682 1064 3761 animorumque

113 3778 316 3839 fortitudinem
322 3779 439 3859 experti
446 3777 573 3850 luerunt,
587 3777 720 3837 hostibus
727 3776 767 3835 ab
775 3775 928 3836 obsidendi
938 3776 1063 3838 consilio

112 3878 172 3937 cito
186 3874 326 3956 deprlsis.
370 3872 479 3954 Ituque
499 3874 529 3933 in
551 3881 665 3933 tuntum
684 3878 838 3933 creverant
857 3870 1011 3931 rebellium
1032 3880 1063 3931 et

110 3972 289 4032 desertorum
310 3970 412 4040 enimi,
436 3979 469 4030 ut
490 3968 650 4029 Crotonem
670 3966 864 4050 prodentibus
884 3965 1060 4045 quibusdum
1072 3972 1158 4029 Zoner.

110 4088 214 4148 erpere
226 4067 304 4137 susi,
321 4064 489 4145 presidium
503 4064 675 4129 Romanum
686 4063 845 4135 tucidum,
866 4062 968 4129 urbem
980 4062 1059 4129 dirus

112 4183 157 4225 ere
170 4162 374 4227 munuennt.
