2917 4767
400 364 505 414 Lllilll
531 362 586 413 ΣΙ.
609 362 934 413 aurrnaaranwrr.

85 502 206 575 lueret,
226 522 265 563 er
285 502 548 563 senatmoonsulto
567 502 737 583 proconsule
758 524 804 563 res
822 504 852 563 ιιι
868 505 989 564 Samnio
1004 524 1117 583 gre-0

87 610 184 669 roret,
210 599 330 677 scripsit
357 600 400 657 ad
424 600 501 657 hune
523 599 693 658 Postrrnins
716 607 893 675 arroganter,
911 599 1054 659 excedere

83 694 203 769 jubens
215 694 378 771 provincia
388 713 461 752 sira·
476 691 802 752 ‘seadministrando
776 710 804 749 er
817 691 1056 755 bollosuffioere.

90 786 325 849 obtendente
310 807 402 864 Jrrma
420 787 546 846 Petrum
570 786 705 855 Fabio,⁴
726 804 821 864 noque
842 788 986 864 integrum
1000 789 1056 847 sibi

88 880 232 940 deserere
246 883 403 959 negotium
411 881 491 959 quod
498 890 616 940 senatus
626 880 833 959 imposuisset?
845 900 913 939 oum
926 880 1057 941 Romam

89 975 237 1035 nuntiata
249 996 300 1033 res
312 986 402 1045 esset,
417 985 511 1035 metus
523 974 649 1044 inoessit,
664 994 700 1033 ne
714 994 767 1052 per
778 973 953 1034 discordiam
965 977 1056 1055 irnpe-

90 1080 230 1127 ratorura
246 1068 420 1149 respublica
431 1068 632 1128 detrimentum
645 1076 774 1147 eaperet.
816 1068 918 1133 Quare
930 1070 1005 1128 mitti
1018 1069 1057 1129 nd

90 1163 255 1223 oonsulem
278 1164 395 1240 legatos
415 1163 536 1242 placuit,
550 1164 600 1241 qui
620 1163 716 1221 verbis
733 1172 852 1221 sonabis
863 1172 1005 1241 peterent,
1023 1174 1057 1223 ut

94 1258 231 1317 Fabium
245 1258 289 1317 sd
305 1259 468 1317 exereitum
480 1258 551 1319 etin
572 1256 693 1317 Samnio
705 1276 768 1317 osse
780 1266 936 1336 poteremr.
978 1258 1056 1317 Corn

94 1352 176 1411 alias
188 1352 356 1411 absurdum
369 1361 399 1411 et
406 1351 591 1431 proelraotrun
603 1352 690 1411 luisse
703 1372 871 1431 responsum
878 1350 985 1422 ierunt,
994 1362 1055 1411 trnu

95 1447 193 1505 eum
222 1466 332 1507 vocem
353 1446 502 1525 adjectam
522 1446 674 1523 singularis
693 1446 881 1525 perviouoioe:
903 1456 912 1480 ‘
935 1446 1009 1506 Non
1025 1466 1057 1506 sa

95 1542 232 1609 senatui,
258 1530 402 1619 quamdiu
425 1540 526 1599 oonsal
549 1549 635 1610 esset,
655 1541 707 1599 sed
736 1548 870 1599 senatmn
894 1540 950 1598 sibi
977 1540 1058 1600 dioto

98 1633 279 1693 audientem
305 1655 367 1694 esse
394 1637 546 1714 oportero.'
592 1632 681 1695 Novo
706 1635 821 1694 loeutus
839 1654 901 1693 esse
922 1634 1057 1705 ferocius,

97 1748 194 1805 quarn
207 1728 316 1787 lenisse
329 1728 486 1797 videretur,
495 1728 625 1806 protinus
636 1727 761 1787 dimissis
774 1728 878 1805 legatis
890 1728 1058 1787 Cominium

103 1825 191 1894 (earn
205 1832 272 1881 turn
285 1823 387 1881 urbem
402 1822 512 1881 Fabius
526 1822 693 1899 obsidebat)
707 1842 776 1881 ourn
791 1822 923 1881 exercitu
941 1842 1058 1901 progre-

104 1914 202 1985 ditur,
224 1916 251 1973 si
271 1915 329 1975 alia
348 1916 461 1975 ratione
482 1914 595 1975 emoliri
616 1916 754 1975 emulum
775 1933 833 1972 non
854 1924 962 1992 posset
980 1915 1060 1973 bello

105 2018 286 2070 nerianum.

144 2112 198 2163 16.
223 2103 348 2163 Pedum
362 2102 560 2181 spectaculum
573 2102 764 2183 praebuissent
776 2103 907 2162 hortibus
920 2101 1060 2161 Βιιιιιιιιιιι

106 2218 202 2268 arma,
215 2199 242 2257 si
256 2199 321 2277 pari
335 2196 508 2266 stoliditate,
523 2216 611 2276 quam
627 2198 792 2276 petebatur,
806 2197 935 2257 mutere
949 2196 1061 2257 Fabius

106 2292 260 2353 voluimet.
291 2290 353 2351 Sed
365 2290 427 2361 ille,
436 2300 541 2349 natura
552 2300 584 2349 et
594 2290 721 2351 ooruiliis
733 2290 862 2370 paternis
873 2290 1058 2361 moderatior,

108 2395 116 2420 ‘
132 2406 191 2446 non
205 2386 299 2445 furori
311 2384 448 2453 consulis,
463 2383 516 2443 md
529 2384 649 2443 utilitati
669 2384 838 2463 reipublioae
852 2384 973 2444 oedere’
985 2404 1060 2463 prae-

108 2479 201 2550 latm,
223 2479 379 2558 provincia
389 2478 524 2537 exoeasit.
567 2477 734 2537 Cominium
749 2487 816 2557 post
830 2497 941 2557 pnuoos
959 2477 1023 2537 dies
1042 2498 1062 2537 a

110 2574 271 2633 Postumio
283 2579 483 2650 expugnatum
495 2580 548 2629 est
591 2569 666 2631 Inde
679 2570 844 2631 Venusinm
858 2571 964 2631 duetus
974 2590 1058 2631 exer.

1131 351 1217 417 1418

1067 519 1150 569 Dios
1135 524 1200 585 spnd

1067 585 1149 633 Valss.

1048 647 1170 723 Dionys.

110 2668 205 2729 einis:
228 2668 286 2725 liae
298 2684 415 2744 quoque
427 2672 516 2742 capta
530 2664 732 2725 oiroumlaturn
744 2664 783 2723 ad
802 2665 862 2723 alia
873 2664 983 2744 oppida
996 2665 1057 2725 bol·
1094 2682 1098 2693 ¹

3 2758 5 2794 '¹
113 2761 191 2821 lum:
214 2779 339 2839 quornm
351 2758 513 2837 complura,
529 2760 635 2837 partim
648 2760 689 2830 vi,
703 2760 764 2819 alia
780 2758 939 2826 deditione,
957 2760 986 2817 in
1006 2780 1061 2837 po-

113 2864 253 2914 testatem
273 2861 425 2913 variarunt.
468 2850 610 2912 Hostium
635 2853 665 2911 in
686 2873 724 2912 ea
746 2852 934 2931 expeditione
958 2851 1061 2911 dooam

115 2948 213 3011 mill'n
232 2966 306 3007 cesa
325 2954 410 3005 sunt:
432 2964 485 3004 sex
507 2946 601 3005 millia
617 2946 738 3006 ducenti
754 2945 870 3007 truditis
884 2945 972 3007 armis
991 2944 1061 3008 fidei

2 3105 4 3128 k
117 3041 491 3121 vintorissepermiserunt.
683 3054 690 3063 '

156 3144 207 3198 1⁵1.
229 3134 303 3195 Non
316 3132 718 3213 erantsparnondaereaquas
726 3132 1061 3213 bellogesaeratoonsul,

115 3232 166 3292 sed
189 3233 316 3311 gratiam
338 3250 438 3291 earam
466 3232 603 3310 superbia
622 3234 864 3311 oontrrmaoiaque
883 3238 1060 3309 corruperat·

118 3326 226 3406 ltaque
244 3344 312 3385 oum
330 3325 369 3383 ad
383 3324 491 3387 Patres
506 3326 592 3385 missa
612 3326 736 3405 epistola
756 3326 898 3386 derebus
917 3326 976 3383 suis
996 3343 1060 3404 per·

115 3406 285 3500 scripsisset,
312 3418 551 3497 Venusinamque
578 3420 679 3478 urbem
705 3428 736 3479 et
762 3439 863 3497 agnam
882 3418 1061 3477 deduoende

116 3515 239 3573 colonie
252 3512 583 3573 sooornmodan'ssimum
595 3532 657 3575 esso
670 3513 843 3581 monuissem
862 3522 984 3592 empta
995 3513 1061 3590 qui·
1123 3542 1127 3551 ·

116 3609 183 3669 dem
205 3628 251 3667 res
269 3618 323 3678 est,
335 3607 388 3667 md
406 3608 552 3686 preterito
563 3616 681 3667 auctore
694 3607 823 3667 victoria
840 3607 1009 3686 oonsiliique
1021 3606 1061 3665 ab

11 3771 14 3798 Γ
117 3702 183 3763 aliia
194 3702 323 3761 deducta
335 3710 403 3761 sunt
414 3700 582 3761 oolonorum
590 3700 683 3759 millia
693 3702 814 3778 viginti:
829 3702 968 3777 (sicenim
981 3699 1061 3779 apud

11 3811 14 3820 ·
117 3796 269 3875 scriptores
276 3796 395 3855 minime
411 3795 638 3855 contemnendos
650 3796 790 3875 reperio)
804 3796 904 3872 ingens
915 3812 1061 3863 numerus,

10 3907 16 3964 'L
117 3888 518 3969 etpropeexeedensfidem,
529 3890 583 3948 ιιιιι
574 3889 670 3967 quod
678 3888 1062 3969 videripotestintergentes

118 3982 282 4057 indomitas,
291 3982 908 4062 eommuniadversusApulosLuoanosque
916 3980 1062 4062 prasidio,
1072 3986 1158 4038 lloest.
1172 3988 1223 4038 ast.

11 4089 14 4121 ἰ
117 4079 255 4150 oolloonri
266 4080 401 4143 validam
418 4098 535 4141 monum
548 4078 699 4158 placuisse
