2917 4767
388 370 491 417 ιιιιιιι
517 370 615 418 xvii.
636 369 972 419 ιιιιιιιιιιιιιιιιιιιι..
1139 354 1225 419 1535

97 510 129 568 in
144 510 309 569 adrentum
322 510 439 581 classis,
459 531 548 590 qnam
561 512 655 590 sequi,
675 521 709 570 nt
730 511 856 590 primum
867 520 975 591 posset,
994 512 1059 588 jus-

96 616 194 675 serat,
214 608 385 666 neoeoearia
410 607 791 687 praepararetprinsqnam
817 606 855 665 ad
878 606 983 666 fretum
1008 607 1060 667 illa

99 704 272 772 accederet,
295 704 327 761 in
350 724 454 763 manus
465 704 591 763 bostium
604 702 718 763 incidit.
762 702 886 762 Factum
901 702 931 761 id
946 703 1059 763 Beodis
1071 712 1153 761 Zonnr.

99 798 226 868 astutis,
237 819 331 877 quern
340 798 498 859 Hannibal
507 799 633 859 Punicae
647 798 749 859 classis
763 799 917 878 imperator
930 798 1059 875 legatum

100 894 249 963 habebat,
265 904 300 953 et
310 895 486 974 credulitate
500 895 641 965 consulis,
654 895 717 973 qui,
733 894 873 973 Liparaeis
886 892 1060 971 quibusdam

100 990 143 1048 ab
155 991 244 1049 hoste
257 991 428 1049 subornatis
439 990 529 1051 fidem
542 992 666 1059 babens,
688 990 804 1069 Liparae
824 990 903 1049 urbis
923 1009 974 1069 per
993 1009 1059 1069 pro·

100 1084 251 1145 ditionem
259 1086 442 1166 occupandae
453 1107 537 1166 spem
547 1096 656 1146 temere
664 1092 849 1165 conceperat.
877 1084 927 1144 Ibi
936 1086 1060 1144 circum-
1083 1084 1223 1145 'exaneda

102 1189 258 1249 ventosa
281 1181 409 1241 Punicis
433 1183 568 1251 navibus,
593 1200 742 1242 conserere
769 1189 866 1240 tamen
890 1199 1003 1249 manus,
1032 1148 1174 1278 etlfflssg·
1200 1220 1225 1261 et

103 1275 272 1353 pugnando
283 1277 410 1336 mlntem
422 1295 553 1356 quarere
570 1277 740 1355 cogitabam
763 1276 817 1334 nisi
825 1275 954 1339 ,Boodes
967 1275 1060 1337 altera
1072 1276 1125 1324 lr'v.
1143 1277 1208 1340 Epir.

104 1369 213 1429 frande
226 1373 324 1449 ipsum
336 1382 368 1431 et
378 1372 512 1431 tribunos
529 1372 667 1441 militem,
692 1372 776 1449 qnasi
789 1370 826 1430 de
845 1370 1060 1431 conditionibus
1072 1357 1156 1455 Ξζζᾏ

107 1484 178 1523 cnm
187 1465 288 1525 Poeno
301 1466 458 1537 locuturos,
466 1486 550 1527 snam
564 1468 595 1527 in
606 1468 753 1526 triremem
766 1465 944 1547 pellexisset.
969 1465 1060 1525 Veni·
1073 1486 1137 1533 Flet.

105 1561 227 1619 entibus
248 1562 367 1638 injectae
386 1571 454 1621 snnt
471 1572 604 1621 catenae:
625 1582 685 1640 qao
697 1571 805 1621 terrore
817 1580 884 1621 cum
898 1562 987 1621 ceteri
998 1563 1061 1623 sine
1074 1574 1143 1621 Oros.
1154 1576 1223 1622 ιιι.

107 1658 273 1715 certamine
284 1677 317 1715 se
327 1656 525 1726 tradidiment,
540 1656 661 1717 Boodes
674 1656 798 1717 navibus
806 1657 941 1717 omnibus
954 1658 1064 1736 potitus
1075 1669 1158 1718 Zonar.

109 1753 248 1830 captivos
260 1751 473 1828 Carthaginem
488 1752 579 1813 misit.

148 1853 179 1905 5.
193 1846 303 1905 Simile
315 1866 385 1906 mox
396 1837 484 1906 Poeni
497 1846 581 1906 ducis
589 1856 745 1926 menatem
758 1846 824 1917 fuit,
838 1866 933 1924 eoque
947 1849 1066 1924 majoris

108 1942 273 2021 opprobrii,
295 1942 376 2021 qnod
389 1963 485 2022 neque
499 1943 632 2003 Romani
652 1942 781 2003 consulis
801 1944 992 2019 incogitantia
1004 1954 1066 2003 tam

110 2038 222 2097 recenti
238 2037 378 2117 exemplo
387 2036 426 2096 ad
438 2039 606 2098 cautionem
619 2037 786 2117 profuisset.
829 2036 987 2096 Didicerat
1000 2036 1068 2097 Ro·

110 2154 233 2193 menam
250 2134 376 2193 classem
390 2134 484 2210 juxta
502 2134 586 2193 liuns
606 2133 748 2193 Italicum
770 2131 839 2192 vela
856 2130 1014 2193 facientem
1028 2132 1066 2193 ad

111 2229 222 2289 neuim
242 2229 375 2299 tendere,
389 2250 484 2309 neque
496 2230 599 2310 procul
614 2230 717 2291 abesse
730 2232 796 2308 jam
815 2250 911 2309 posse.
952 2228 1068 2291 Volens

110 2326 200 2402 igitur
208 2346 278 2385 eam
291 2346 330 2385 ex
343 2327 505 2405 propinquo
516 2325 713 2395 considerare,
727 2335 761 2384 nt
771 2344 920 2393 nnmerum
934 2326 1064 2393 navium,

110 2429 144 2477 et
163 2440 235 2498 qnae
256 2421 286 2479 in
308 2440 384 2481 novo
404 2421 538 2480 institrto
559 2420 707 2481 Romanis
729 2418 847 2497 agilitas
867 2429 899 2479 et
921 2420 1065 2481 habitudo

112 2526 204 2586 esset,
232 2526 370 2575 accurate
394 2524 594 2592 cognosceret,
614 2536 682 2577 cnm
701 2516 826 2575 navibus
851 2516 1066 2595 quinquaginta

114 2609 329 2690 proficiscitur:
355 2630 475 2671 secures
494 2610 597 2679 lutari,
616 2621 648 2669 et
668 2610 774 2681 classe,
796 2620 829 2669 ut
849 2612 982 2669 incursu
1002 2620 1066 2671 toto
1140 2639 1144 2650 =

112 2706 200 2776 solet,
216 2708 344 2784 navigiis
355 2717 465 2765 temere
474 2706 637 2786 permixtis,
651 2724 754 2784 perun
766 2707 938 2785 composita.
971 2704 1067 2781 Igitur

114 2801 144 2858 in
156 2800 239 2859 flexu
252 2801 407 2878 cnjnsdrm
420 2800 608 2880 promontorii
629 2819 697 2859 cnm
713 2801 744 2859 in
758 2799 929 2861 Romanam
941 2799 1066 2859 classem

115 2895 216 2955 ordine
236 2896 394 2955 commodo
418 2898 605 2973 navigantem
631 2895 730 2955 subito
760 2894 861 2954 illatus
881 2903 968 2965 esset,
998 2904 1067 2953 ante

116 2993 213 3052 victos
224 3013 317 3072 qnam
329 2993 369 3051 ad
379 3012 617 3073 pugnamparnra
625 3012 657 3051 se
666 2992 820 3071 potuisset,
836 2991 942 3050 amissa
952 2992 1068 3051 meliori

117 3098 200 3168 perte
212 3087 345 3158 nerium,
358 3097 513 3167 postquam
525 3088 587 3167 ipse
599 3106 717 3165 quoqne
725 3084 764 3145 ad
774 3094 937 3145 extremum
947 3086 1069 3165 periculi

118 3184 256 3252 venisset,
268 3202 337 3241 cnm
348 3183 453 3242 eatena
464 3184 515 3242 vix
529 3182 642 3261 effugit.
684 3179 804 3242 Victrix
817 3181 937 3251 classis,
950 3180 1069 3257 cognito

120 3278 252 3337 Cornelii
261 3296 344 3347 casn,
356 3277 442 3336 simul
452 3276 492 3339 sd
500 3277 538 3337 O.
548 3277 684 3337 Dnilinm
694 3276 775 3353 misit
783 3277 911 3346 nuntios,
924 3277 1070 3354 quiscum

121 3372 281 3434 adventurn
294 3373 323 3432 ei
335 3371 550 3450 significarent3
571 3372 659 3431 simul
676 3372 715 3431 ad
735 3372 868 3452 praelium
888 3392 918 3431 se
933 3371 1068 3453 perabat,

120 3467 198 3546 qnod
226 3476 341 3534 ceteras
367 3466 652 3545 Gartlsaginieminm
685 3486 778 3526 naves
804 3467 973 3547 propinquis
998 3466 1070 3525 locis

122 3582 206 3639 agere
221 3571 415 3641 compererat.

160 3665 190 3717 6.
213 3656 348 3716 Ibidem
364 3656 492 3717 solicitis.
506 3657 609 3717 animis
625 3656 811 3718 incommoda
821 3676 938 3717 suarum
949 3657 1071 3715 navium

50 3820 53 3825 ,
124 3753 320 3823 considerant,
333 3773 442 3832 easque
455 3752 521 3813 rudi
530 3773 620 3833 opere
629 3761 812 3814 constructas
824 3773 844 3811 a
852 3752 978 3813 Punicis
987 3751 1071 3819 volo·¹
1083 3782 1177 3832 Hm

124 3851 211 3911 citate
224 3849 313 3927 longe
333 3850 463 3928 superari
483 3857 637 3929 reputant3
659 3849 740 3908 venit
752 3847 870 3908 cuidam
892 3848 921 3906 in
944 3853 1070 3906 mentem
1083 3879 1169 3946 Polyb.

124 3945 267 4005 machinae
278 3944 318 4003 ad
330 3943 619 4025 comprehendendas
629 3944 756 4003 bostium
771 3962 861 4003 naves
873 3940 1071 4018 tenendasque

126 4040 214 4112 stilis,
227 4060 319 4119 qnam
335 4038 520 4119 postmodum
535 4036 679 4099 eorvnm⁶
699 4046 889 4098 vocaverunt.
921 4036 996 4114 Ejus
1009 4036 1072 4095 hcc

427 4196 444 4240 t
461 4192 527 4243 Edd·
538 4200 593 4243 snt.
605 4192 683 4243 Cres.
694 4204 783 4240 emor.
