2917 4767
697 302 730 353 Τ.
756 302 849 351 trvrr

380 442 443 500 tas
473 442 627 502 metibus
648 440 714 501 trin
738 442 873 501 omnam
905 441 1046 502 anaim
1077 441 1148 500 ,aas
1178 440 1326 501 utem.
1442 427 1443 490 3

381 534 492 595 Verum
505 538 664 605 enimvero,
678 535 816 615 quicquid
830 537 860 594 in
870 538 925 595 bec
934 536 1122 595 adolescente
1134 536 1326 595 metuendum
1442 609 1443 616 ἵ

381 630 438 689 suit
451 640 629 690 nansactum
641 638 704 697 est3
719 631 798 688 bona
809 640 918 699 autem,
932 649 999 707 quta
1011 650 1095 688 mens
1105 629 1186 688 illius
1198 630 1327 689 indoles·

381 744 450 803 que,
463 744 499 783 ac
511 725 564 783 sub
585 744 631 781 me
654 742 711 782 non
726 725 904 802 ineptissime
921 723 1070 800 magistro,
1089 724 1229 782 utirobis
1250 725 1329 783 risus

381 838 456 887 aum,
471 819 605 877 instituta
617 828 648 876 et
660 818 792 876 exercita
801 820 891 875 virtus
907 817 1094 896 pollicentur,
1108 818 1205 876 adhuc
1217 837 1327 898 cxpec-

382 913 438 970 tari
450 921 579 992 possunt,
593 912 647 969 nisi
665 930 748 990 spem
761 913 858 980 istam
870 931 930 969 non
944 912 1064 989 quidem
1080 913 1193 990 iniqua,
1204 912 1259 971 sed
1282 923 1329 973 ta·

382 1025 449 1065 men
471 1006 677 1084 intempestiva
701 1006 857 1064 severitate
880 1005 1072 1084 precidimos.
1115 1004 1224 1065 Multis
1243 1007 1329 1065 initio

383 1119 476 1159 rerum
489 1100 681 1177 gerendarum
694 1099 859 1178 impegisse,
873 1100 912 1158 ad
921 1099 1105 1178 prudentiam
1117 1108 1150 1158 et
1161 1101 1330 1159 cautionem

384 1194 508 1272 profuit:
531 1194 581 1272 qui
601 1194 704 1253 erroris
721 1194 874 1264 admoniti,
898 1194 1059 1253 mediocria
1070 1214 1149 1273 saepe
1161 1194 1273 1255 damna
1285 1197 1330 1253 in·

385 1288 464 1365 genti
476 1289 605 1347 utilitate
615 1289 808 1347 redemerunt.

425 1389 455 1440 6.
477 1393 485 1417 ‘
498 1382 540 1440 Et
553 1384 649 1441 nescio
661 1403 699 1441 an
712 1403 770 1442 non
785 1383 824 1441 ad
838 1383 962 1442 fortune
973 1382 1071 1462 potius
1079 1380 1230 1449 invidiam,
1241 1402 1332 1460 quam

385 1476 508 1536 hominis
519 1480 690 1555 cujusquam
703 1488 856 1556 peecatum
868 1477 968 1536 referri
980 1478 1130 1545 veriussit,
1141 1477 1221 1554 quod
1233 1486 1264 1535 et
1276 1479 1333 1535 rei·

384 1571 512 1648 publicar
526 1578 642 1640 nostrae,
656 1581 687 1631 et
695 1570 798 1629 Fabiae
807 1572 900 1649 gentis
908 1572 1045 1630 diumrna
1054 1570 1180 1629 felicitas
1192 1572 1333 1630 mediocri

384 1663 557 1723 detrimento
577 1666 720 1742 castigata
744 1675 807 1724 eat:
829 1686 998 1743 quanquam
1019 1665 1226 1724 benevolentia
1238 1668 1335 1742 magis

387 1759 450 1818 liaeo
470 1758 611 1828 Deorum,
625 1779 713 1837 quam
731 1759 842 1819 invidia
860 1760 996 1818 vocanda
1012 1761 1061 1827 sit,
1078 1763 1164 1836 cujus
1184 1759 1334 1821 beneficio

386 1854 525 1913 adversus
536 1854 720 1913 exitiabilem
730 1856 907 1933 superbiam,
917 1873 983 1932 quse
997 1874 1043 1911 res
1056 1854 1176 1912 nimium
1187 1854 1335 1939 secundas

386 1950 469 2027 sequi
482 1950 569 2019 solet,
583 1969 640 2009 non
653 1958 714 2008 tam
727 1950 872 2008 damnosa
887 1950 999 2007 civitati
1014 1946 1110 2017 clade,
1123 1968 1212 2027 quam
1224 1950 1265 2007 ad
1278 1951 1334 2009 de-

386 2052 554 2102 comeatum
584 2042 707 2119 efficaci,
742 2043 918 2125 conditionis
960 2044 1096 2102 humanas
1131 2043 1333 2104 admonemur.
1370 2118 1374 2124 ν

389 2136 540 2217 Quicquid
554 2134 652 2209 idest,
675 2137 819 2207 Quirites,
833 2138 904 2200 mihi
916 2146 995 2197 certe
1006 2137 1112 2202 sinistri
1130 2136 1244 2215 aliquid
1257 2156 1335 2218 proe·

244 2228 353 2291 P⁰¹5²¹10
387 2232 521 2309 sapiebat
545 2233 667 2299 animus,
687 2251 755 2290 cum
775 2230 823 2289 dic
846 2226 1028 2290 comitiorum
1048 2229 1164 2289 solicite
1183 2232 1336 2289 vobiscum

228 2292 339 2402 ἳᾞωξὸ
389 2343 515 2405 agerem,
538 2346 573 2385 ne
586 2326 679 2385 lilium
695 2346 792 2385 meum
814 2326 963 2386 consulem
979 2323 1122 2385 faceretis.
1164 2323 1241 2383 Cum
1254 2328 1335 2384 enim
1414 2375 1421 2393 ,

229 2438 232 2447 ’
245 2418 298 2465 V⁸¹·
310 2418 377 2465 Mu·
389 2428 501 2501 patrem
515 2442 622 2489 meum,
637 2440 735 2489 avum,
752 2441 903 2500 proavum,
916 2421 991 2479 alios
1002 2422 1129 2496 majores
1140 2438 1221 2479 meos
1232 2421 1334 2498 saepis-

230 2486 301 2531 '¹³⁸¹'
313 2486 338 2529 ⁵'
390 2517 472 2585 aime,
486 2517 587 2575 adbaec
607 2517 747 2595 meipsum
769 2516 924 2593 quinquies
944 2516 1001 2574 boc
1015 2514 1184 2590 magistratu
1203 2513 1336 2573 functum

389 2632 452 2670 esse
466 2612 636 2687 cogitarem,
648 2610 825 2688 incipiebam
837 2611 940 2677 vereri,
953 2608 1103 2669 utendam
1115 2610 1145 2667 in
1157 2618 1244 2685 gente
1257 2629 1335 2667 sum·

391 2725 453 2765 mos
473 2706 597 2764 bonores
609 2705 783 2773 continuari,
797 2703 845 2761 vel
860 2702 925 2772 Dii,
938 2703 986 2763 rel
1000 2704 1142 2771 homines,
1155 2703 1251 2762 animo
1263 2703 1337 2762 satis

391 2819 475 2878 aequo
495 2808 671 2878 paterentur.
715 2798 818 2876 Atque
840 2798 951 2857 utinam
968 2794 1017 2856 rel
1029 2797 1085 2855 isto
1096 2806 1227 2876 tempore
1236 2817 1338 2876 preces

391 2912 464 2952 meae
477 2894 655 2961 valuissentr
670 2894 719 2952 rel
732 2893 816 2952 robis
828 2891 1002 2951 beneficium
1014 2900 1139 2951 vestrum
1149 2891 1223 2949 tueri
1237 2891 1336 2969 place·

391 2988 451 3048 ret!
474 3008 510 3048 ne
525 2988 603 3067 quod
618 2989 845 3055 honoriscausa,
863 3006 910 3045 me
929 2994 1090 3054 recusante,
1115 2985 1257 3044 tribuistis
1274 2984 1338 3046 tilio

392 3104 468 3153 meo,
482 3084 623 3143 inauditae
637 3084 779 3142 hactenus
791 3082 957 3157 ignominia
973 3082 1089 3139 occasio
1099 3080 1213 3156 utrique
1235 3078 1335 3147 fieret:
1423 3106 1426 3109 ·

391 3198 501 3255 vosque
519 3178 691 3235 temeritatis
717 3176 921 3252 argueremini,
944 3195 1027 3254 quos,
1049 3176 1074 3233 si
1095 3174 1219 3253 priorem
1237 3172 1277 3232 de
1293 3174 1336 3239 Q.

393 3270 489 3329 Fabio
501 3271 674 3328 sententiam
689 3269 749 3327 alio
767 3269 883 3347 judicio
896 3268 1069 3337 rescinditis,
1090 3277 1143 3326 aut
1154 3266 1270 3327 dedisse
1283 3269 1337 3327 im·

393 3366 501 3444 perium
515 3365 577 3440 sine
590 3384 690 3432 causa,
702 3372 755 3423 eut
767 3364 933 3438 abrogasse,
948 3365 1054 3441 posteri
1066 3361 1196 3422 credent.

433 3465 463 3523 7.
486 3467 494 3493 ‘
506 3459 553 3517 At
565 3460 589 3517 si
613 3459 728 3518 mitiora
741 3458 939 3527 decreveritis,
961 3469 992 3516 et
1011 3467 1108 3516 vestra
1119 3458 1204 3515 vobis
1213 3456 1338 3515 auctori-

394 3564 450 3624 tas,
464 3562 495 3611 et
509 3554 610 3612 Fabiae
624 3555 715 3630 gentis
728 3554 907 3613 existimatio
919 3553 1003 3611 salva
1022 3554 1087 3620 erit,
1101 3570 1234 3627 errorque
1250 3552 1337 3627 juve·

395 3648 473 3717 nilis,
487 3649 529 3706 uti
542 3668 608 3707 cum
622 3649 722 3725 aliquo
745 3648 914 3726 reipublicae
927 3647 1036 3705 damno
1047 3645 1217 3704 commissus
1228 3653 1285 3713 est,
1298 3645 1338 3703 ita

395 3746 506 3823 majore
531 3762 597 3801 cum
622 3746 686 3820 ejus
708 3743 906 3803 emolumento
927 3741 1138 3799 emendabitur.
1188 3737 1250 3797 Sed
1275 3738 1340 3817 quis

396 3838 536 3917 spondere
559 3838 613 3895 hoc
635 3837 731 3895 ausiti
763 3836 841 3913 Ego,
861 3835 1011 3901 Quiritem
1035 3854 1091 3910 ego
1117 3853 1169 3912 pro
1190 3832 1255 3891 filio
1276 3852 1339 3891 meo

252 3966 308 4015 W·
318 3966 385 4013 Mu·
396 3951 562 4009 sponsorem
575 3952 620 3990 me
635 3930 805 4011 reipublicae
817 3930 914 3987 dabo:
935 3939 977 3999 et,
991 3930 1071 4007 quod
1084 3928 1197 3987 senatui
1217 3926 1340 4006 populo-

225 4033 299 4100 φτ.
310 4034 332 4078 1.
398 4044 454 4103 que
475 4024 625 4097 Romano,
647 4024 755 4085 deinde
768 4033 873 4084 nostrae
892 4022 992 4083 domui
1005 4022 1078 4082 lclix
1094 4022 1339 4108 faustumquesit,
