2917 4767
242 344 330 417 iffi
715 361 750 411 r.
774 360 869 412 nrvrr

242 509 347 573 ferme
370 503 513 570 insulam
542 502 675 581 dividit,
704 500 781 569 dcis
806 506 901 587 regni
926 504 1132 591 Syracusani
1156 522 1202 573 ac
1227 508 1362 577 Pontes

242 604 375 693 imperii
383 613 486 671 esset.
513 604 626 671 Aliam
634 604 767 683 deinde,
779 606 914 671 indictus
923 609 1360 683 assentationibuseornnr,
1449 603 1451 614 '

241 710 300 795 qui
311 721 387 772 enm
402 725 470 771 nou
487 706 649 772 Hieronis
669 712 807 785 tanturn,
828 708 890 773 sed
906 707 1026 793 Pyrrhi
1041 710 1143 774 etiarn
1157 712 1261 801 regis,
1283 730 1360 775 rna·

241 810 328 875 terni
358 805 440 887 ari}
460 804 628 893 jubebant
656 810 859 889 meminisse,
887 810 1088 893 legationem
1117 812 1227 889 misit,
1256 820 1359 896 qua·

240 918 403 995 mquuw
417 911 589 988 censebat,
605 910 726 975 Sicilia
740 911 806 977 sibi
822 912 915 977 omni
927 912 1026 977 cedi:
1044 908 1156 979 Iteliae
1168 913 1359 997 imperinm

240 1013 416 1096 proprium
441 1013 548 1096 queri
571 1010 845 1094 Carthaginiensi
866 1013 1002 1096 populo.
1047 1014 1150 1079 Hauc
1171 1015 1357 1080 levitatem

241 1132 283 1179 cc
301 1112 522 1198 jactationem
539 1114 641 1177 enimi
660 1128 771 1197 neque
786 1115 996 1179 mirabantur
1008 1115 1043 1179 in
1053 1115 1179 1199 juvene
1202 1115 1357 1193 sorioso,

241 1231 351 1299 neqne
366 1216 559 1298 arguebant,
574 1214 757 1280 dnmmodo
768 1221 954 1282 averterent
967 1234 1047 1281 cum
1062 1218 1106 1281 ab
1120 1216 1308 1283 Romanis.

282 1320 316 1381 7.
330 1315 400 1381 Sed
413 1316 831 1401 omniaineopreeoipitia
845 1318 890 1381 ad
905 1318 1048 1383 exitium
1067 1317 1211 1385 fuerunt.
1256 1318 1353 1385 Nam

240 1434 329 1495 cum,
349 1417 538 1500 praemissis
560 1417 771 1501 Hippocrate
789 1425 887 1503 atque
906 1418 1059 1504 Epicyde
1072 1438 1149 1485 cnm
1166 1420 1260 1485 binis
1274 1422 1353 1485 mil·

239 1518 331 1584 tibus
345 1526 549 1585 armatorum
568 1519 613 1584 ed
636 1518 815 1585 mutandas
834 1520 947 1599 urbes,
969 1538 1046 1605 qnae
1067 1522 1240 1605 presidiis
1254 1529 1353 1587 tene-

239 1621 363 1685 bantur
382 1618 561 1698 Romanis,
581 1624 615 1685 et
631 1620 707 1704 ipae
729 1620 767 1685 in
786 1619 993 1686 hominos*
1019 1642 1097 1698 cnm
1113 1632 1234 1688 cetero
1253 1626 1348 1688 omni

241 1722 393 1787 exercitu
417 1722 529 1807 (erent
547 1725 661 1786 eutem
682 1720 727 1786 cd
751 1718 944 1805 quindecim
959 1722 1067 1788 millic
1081 1724 1237 1807 peditum
1251 1727 1348 1809 equi·

239 1819 397 1908 tumque)
411 1824 583 1907 profectus
599 1827 710 1902 esset3
732 1822 857 1887 liberas
871 1822 966 1888 sedes
981 1824 1145 1909 conjurati
1164 1824 1219 1909 (et
1234 1844 1349 1891 omues

239 1924 325 1990 terte
340 1920 544 2009 militabunt)
559 1923 772 2004 imminentes
785 1924 851 1989 rite
867 1932 1033 2008 angustae,
1048 1944 1120 2009 qua
1139 1926 1351 1992 descendere

242 2025 288 2091 ad
302 2022 431 2091 forum¹
458 2044 519 2090 rex
534 2026 678 2102 solebat,
693 2032 895 2111 sumserunt.
941 2024 1007 2103 lbi,
1021 2044 1098 2091 cum
1112 2026 1276 2091 instructi
1297 2046 1348 2093 ar-

239 2128 392 2213 matique
407 2128 508 2193 ceteri
518 2126 719 2192 tronaitum³
745 2130 972 2208 expectentes
984 2132 1123 2206 starent,
1138 2128 1199 2192 uni
1211 2146 1261 2192 ex
1271 2130 1350 2209 eis}

238 2229 453 2307 (Dinomeni4
471 2228 538 2293 tuit
553 2224 705 2311 nomem)
718 2228 799 2312 qnia
818 2239 933 2293 custos
949 2230 1099 2313 corporis
1122 2234 1208 2309 erat,
1227 2240 1349 2315 partes

240 2328 331 2393 datm
345 2338 433 2406 sunt,
449 2336 497 2407 ut,
512 2348 589 2393 cnm
604 2330 894 2414 appropinquaret
907 2330 1024 2415 janue
1038 2351 1112 2409 rex,
1126 2352 1188 2417 per
1202 2352 1348 2399 eanum

242 2429 390 2513 aliquem
410 2430 444 2494 in
469 2430 634 2511 angustiis
656 2430 839 2497 sustineret
865 2430 908 2498 ab
930 2438 1025 2517 tergo
1039 2454 1170 2516 agmen.
1215 2432 1285 2515 Ita,
1311 2443 1350 2501 ut

243 2536 456 2609 convenerat,
479 2531 607 2597 sectum
622 2536 684 2597 est
727 2533 907 2618 Tanquam
928 2536 1057 2601 laxaret
1079 2536 1207 2601 elatum
1224 2536 1348 2620 pedet.

242 2631 285 2696 ab
299 2633 439 2698 stricto⁵
451 2629 567 2712 nodo,¹¹
574 2640 722 2700 moratus
734 2637 865 2702 turbem
877 2636 1092 2717 Dinomenes,
1103 2642 1235 2703 tantum
1245 2639 1347 2704 inter-

238 3050 515 3166 aelslioo'iiddaiirs.
528 3058 601 3106 idid.
621 3054 654 3104 sd
674 3056 792 3107 crerier.
814 3068 874 3107 mex
893 3056 1002 3110 strtttm
1018 3056 1066 3111 ate
1083 3074 1174 3111 omen
1193 3059 1265 3111 Edd.
1283 3068 1348 3112 ante

271 3184 287 3229 a
298 3179 373 3246 conj.
382 3180 444 3231 Ern.
454 3184 672 3235 comm-t
683 3182 832 3246 iadigmiat
843 3182 913 3239 Edd.
922 3195 984 3239 aute
993 3184 1157 3239 oroma-5
1167 3184 1212 3237 ΑΙ.
1221 3190 1349 3241 mereo.

737 3312 845 3365 ΝΟΜ

271 3420 281 3455 ¹
295 3422 404 3472 Materni
413 3420 468 3484 ari]
478 3421 519 3472 Ex
530 3423 645 3473 Laruas
656 3421 772 3489 Agatho·
811 3433 915 3489 manet3
933 3426 1056 3477 dicuutur
1072 3426 1141 3493 euim
1153 3428 1273 3479 mini.-
1289 3445 1345 3481 mc·

239 3496 286 3548 clia
297 3496 393 3547 Sicilie
410 3496 514 3560 tyranni
530 3496 593 3561 iilia,
609 3499 725 3563 Pyrrhus
736 3500 771 3551 E·
810 3496 853 3551 dio
870 3498 926 3551 fere
948 3502 1036 3566 spatio
1057 3502 1129 3552 inter
1150 3502 1296 3566 Syracusas
1316 3513 1345 3557 et

238 3572 289 3637 piri
301 3586 347 3621 rex
357 3570 499 3621 Nereidena
509 3581 668 3643 susceperat,
677 3590 711 3626 er
720 3591 770 3643 qua
810 3576 954 3636 Cotonium,
971 3578 1100 3628 incudem
1118 3579 1237 3629 orientrti
1248 3582 1343 3631 Sicilire

238 3655 315 3698 ortua
328 3644 510 3712 Hieronymus.
807 3668 863 3719 ora,
882 3670 965 3721 eaque
983 3662 1059 3719 perte
1075 3655 1175 3719 insule,
1194 3672 1253 3721 quse
1275 3674 1345 3715 none

275 3733 288 3770 s
304 3724 625 3792 Qu1psioJaeqsttsr.d·e.]
644 3726 713 3779 Num
722 3741 768 3793 pc-
813 3730 899 3786 Vetat
911 3730 975 3781 Noto
992 3731 1148 3795 appelletur.
1182 3730 1274 3783 Patria
1292 3733 1345 3785 t'uit

239 3805 290 3856 tius
302 3808 363 3869 prot
379 3804 518 3869 tractione-
809 3804 917 3871 Gorgia
929 3805 1061 3868 Leontini,
1076 3807 1120 3871 qui
1131 3806 1229 3871 primus
1241 3816 1345 3860 extem·

269 3878 282 3914 i
298 3878 329 3929 ia
340 3877 482 3945 mimos]
500 3880 578 3945 Apud
596 3880 769 3934 Ptolemenoi
811 3880 927 3946 perstem
939 3882 1115 3946 eloquentium
1127 3880 1261 3945 professus
1274 3892 1325 3937 est.

236 3956 363 4007 herdam
380 3968 488 4008 vocatur
500 3957 562 4009 urba
578 3954 676 4009 Sicilire
690 3972 770 4023 quon·
841 3952 849 3988 ¹
864 3956 906 4006 sd
914 3953 1012 4018 jessea]
1030 3952 1108 4019 Apud
1121 3954 1272 4009 Leontinos.

238 4030 298 4081 dam
314 4032 496 4097 celeberrima,
511 4049 569 4099 qno
585 4034 681 4085 ceteris
693 4031 768 4085 Loca·
841 4026 853 4064 '¹
872 4032 993 4095 Tarpam
1006 4032 1101 4081 horret
1116 4032 1204 4083 etatem
1213 4035 1301 4097 pedm
1314 4052 1344 4085 o.

236 4106 294 4162 tini,
312 4108 441 4159 communi
462 4106 552 4173 oppidi
574 4113 603 4158 et
624 4108 769 4159 incolarum
807 4104 891 4157 arieto
901 4106 974 4170 sodo]
992 4106 1114 4158 Veterum
1133 4109 1225 4164 calcei,
1239 4114 1344 4175 superi·

236 4183 768 4251 conina,quodadtuepaniomdetortum
808 4182 848 4233 ori
860 4189 936 4249 parte
954 4184 1049 4251 aperti,
1065 4182 1151 4249 ligulis
1167 4198 1213 4235 seu
1230 4186 1290 4237 vinc
1313 4188 1344 4241 tis
