2917 4767
200 288 289 356 2048
669 300 703 347 r.
726 298 821 347 nrvn

201 454 324 525 esseut,
349 442 493 528 graviter
515 442 552 507 iu
574 442 703 509 hostem
722 440 922 506 inciderent.
966 438 1093 504 Eadem
1121 456 1235 503 causa·
1252 438 1295 503 ad

203 548 409 614 subeundum
432 543 572 608 arduum
590 544 719 607 aditum
741 542 995 625 instabilemque
1008 542 1198 623 ingressum
1214 560 1297 624 pree·

201 650 313 715 hebet.
356 647 423 726 Ita,
443 646 585 711 consilio
605 645 731 724 habito,
755 663 832 709 cum
855 643 963 707 omnis
985 649 1126 707 conatos
1151 640 1297 706 ludibrio

203 758 305 829 esset,
320 750 485 815 absistere
500 748 764 830 oppugnatione,
779 750 881 827 atque
897 743 1084 807 obsidendo
1101 742 1242 807 tautum
1251 760 1299 805 ar-

203 870 277 917 cere
291 860 379 917 terra
393 851 542 933 marique
555 848 796 913 commeatibus
808 847 936 911 hostem
950 846 1087 930 placuit.

246 954 302 1017 ab.
323 952 464 1017 Interim
490 948 687 1026 Marcellus,
709 967 785 1013 cum
807 948 906 1011 tertia
925 946 994 1010 sere
1016 950 1110 1029 parte
1132 945 1302 1010 exercitus

205 1052 251 1119 ad
280 1052 492 1140 recipiendas
515 1051 616 1115 urbes
641 1048 822 1134 profectus,
846 1066 925 1131 qum
948 1049 984 1111 iu
1008 1051 1101 1110 motu
1125 1062 1239 1109 rerum
1262 1046 1302 1111 ad

206 1153 491 1235 Carthaginienses
514 1151 714 1225 defecerant,
730 1149 942 1213 Helorumss
964 1152 1065 1229 utque
1080 1145 1303 1227 Herbessum,

206 1256 403 1319 dedentibus
432 1254 530 1337 ipsis,
561 1254 708 1334 recipit.⁴
753 1250 892 1331 Megara
922 1250 956 1313 vi
983 1255 1109 1333 capta⁵
1136 1246 1245 1311 diruit
1266 1268 1305 1313 ac

207 1356 345 1439 diripuit
369 1354 414 1419 ad
443 1355 659 1437 reliquorum,
684 1371 727 1416 ac
753 1351 899 1414 maxime
920 1349 1220 1431 Syracusanorum,
1244 1355 1305 1413 ter·

206 1475 326 1521 rorem.
382 1456 447 1520 Per
470 1454 558 1519 idem
582 1454 651 1517 iere
675 1460 809 1534 tempus
831 1456 863 1515 et
886 1448 1049 1526 Himilco,
1076 1449 1135 1531 qui
1164 1449 1210 1513 ad
1239 1448 1305 1514 Pa·

208 1558 309 1643 chyni
345 1558 625 1641 promontorium·
659 1555 804 1619 classem
841 1552 899 1617 diu
936 1556 1100 1628 tenuerat,
1122 1550 1169 1615 ad
1195 1550 1304 1615 Hera-

209 1662 341 1733 cleam?
366 1678 469 1741 quam
491 1665 617 1722 vocant
647 1655 810 1732 Minoam,
832 1654 980 1737 quinque
1003 1656 1036 1715 et
1058 1652 1177 1733 viginti
1200 1652 1304 1716 millia

208 1761 370 1845 peditum,
385 1761 448 1825 tria
462 1759 622 1843 equitum,
637 1758 814 1822 duodecim
830 1754 1026 1836 elephantos
1046 1750 1230 1834 exposuit3
1251 1772 1308 1817 ne-

211 1880 380 1945 quaquam
405 1880 480 1925 cum
505 1861 640 1943 quantis
659 1855 814 1941 copiisib
839 1864 914 1919 aute
938 1857 1087 1917 tenuerat
1108 1852 1154 1916 ad
1175 1851 1308 1938 Pachy-

211 1980 288 2025 num
313 1962 464 2026 classem.
518 1962 585 2025 Sed
609 1968 790 2045 postquam
822 1958 865 2021 ab
888 1955 1101 2038 Hippocrate
1126 1964 1310 2036 occupate

245 2177 262 2221 s
281 2172 322 2221 nr.
339 2172 510 2222 reum-s
526 2171 568 2220 nr.
582 2172 720 2222 anneto
733 2170 792 2233 aaa
805 2169 948 2231 man-s
966 2167 1092 2229 negem
1101 2166 1126 2214 a·
1135 2170 1234 2229 amn
1246 2166 1312 2217 use.

215 2382 274 2417 cum
286 2369 364 2431 vulgo
375 2382 512 2433 perperam
527 2372 639 2434 legatur,
655 2372 743 2420 mnis·
814 2377 826 2403 ¹
843 2370 882 2419 ild
898 2370 1049 2434 Hermlemn]
1065 2370 1208 2433 Heracles,
1220 2384 1314 2432 eogun-

216 2442 453 2505 qsenisestsoerss.
783 2444 1315 2509 minshlincs‚iulstereaustrsliSieilit,

250 2513 406 2583 inclusa]
431 2520 475 2568 Sic
495 2518 642 2569 emeudsrit
661 2520 744 2571 Grau.
784 2521 869 2569 medio
880 2520 935 2569 lere
952 2520 1047 2570 itinere
1058 2521 1126 2570 luter
1141 2520 1316 2585 Agrigentum

217 2605 276 2641 cum
288 2601 366 2643 autea
384 2601 454 2645 esset
464 2596 588 2655 Pelorum,
598 2595 667 2659 quod
686 2610 744 2658 pro·
785 2603 813 2643 et
827 2595 999 2659 Selinuntem,
1010 2596 1116 2645 hiscere
1132 2595 1206 2645 initio
1227 2595 1316 2644 diets:

218 2670 341 2717 mosterii
352 2681 445 2720 nomeu
455 2678 505 2725 est.
514 2684 566 2720 uon
579 2670 660 2730 urhis,
671 2670 747 2719 Helo·
786 2677 878 2734 postea
894 2686 909 2718 ι
923 2668 1021 2731 Mincii,
1036 2672 1122 2721 Crete
1140 2670 1232 2719 insulse
1246 2682 1320 2731 rege,

218 2756 273 2792 rues
284 2750 369 2793 sutem
380 2745 503 2808 oppidum
513 2752 542 2793 et
552 2746 686 2794 castellnm
696 2742 748 2795 fuit
787 2758 881 2793 nomen
898 2745 1011 2807 recepit,
1027 2747 1071 2810 qni
1089 2743 1228 2794 Dmdslum
1246 2758 1320 2809 qum-

221 2819 255 2869 sd
266 2820 361 2870 ostium
373 2818 483 2870 ilumiuis
499 2819 592 2870 Helori
602 2820 651 2869 suh
662 2820 748 2870 Neeto
789 2833 848 2868 reus
863 2834 894 2867 ss
913 2820 1011 2883 potitus
1029 2829 1087 2881 est;
1103 2819 1190 2883 ibique
1209 2821 1322 2875 occisus,

219 2894 750 2957 psulosupral’scbynumpromontorium
790 2894 929 2943 Cretenses
947 2897 1051 2946 colonus
1070 2896 1194 2960 reliquit:
1214 2896 1321 2946 taudem

221 2966 256 3016 sd
269 2969 335 3017 letus
345 2968 591 3019 orientsleSicilioe:
605 2982 694 3033 agrum
705 2969 750 3018 lis·
791 2968 927 3019 Heracleas
938 2985 1030 3021 nomeu
1049 2972 1082 3021 sb
1096 2972 1213 3021 Hercule
1224 2973 1324 3023 sertim

221 3042 282 3092 huit
309 3042 525 3092 smoeulsslmnsn:
552 3042 621 3092 uude
642 3043 752 3099 Ouidius
791 3052 842 3109 est,
852 3046 895 3109 qui
908 3045 1018 3109 Erycem
1031 3047 1144 3111 regionis
1155 3048 1214 3110 ejus
1231 3060 1323 3111 regem

222 3131 263 3167 rr.
274 3118 345 3167 Fsst.
362 3119 490 3169 ‘Heloria
500 3120 614 3185 Tempe'
625 3123 751 3185 sppellst.
791 3120 869 3185 luctae
887 3121 1029 3171 certamine
1044 3122 1140 3172 vietum
1156 3102 1322 3185 possessione

222 3194 256 3245 In
268 3196 349 3245 ruinis
360 3196 437 3245 hodie
442 3196 515 3260 jacet
526 3198 552 3245 iu
564 3199 631 3247 salle
641 3197 716 3261 Noti,
725 3204 753 3247 et
792 3198 864 3259 regni
880 3198 953 3247 eruit
964 3211 998 3246 ex
1013 3211 1107 3261 pugnae
1125 3200 1203 3261 lege;
1221 3199 1248 3249 in
1263 3212 1323 3249 m

225 3285 272 3322 ors
282 3287 340 3338 quer.
351 3272 457 3336 lasplis
468 3272 574 3335 dicitur,
585 3282 692 3324 sectore
704 3275 752 3323 Fa·
793 3272 887 3321 deiude
900 3272 1022 3337 Doricus,
1036 3273 1182 3335 Cleomenis
1198 3274 1323 3323 Laced*

225 3347 303 3405 selle,
311 3363 344 3398 eo
355 3349 405 3397 leci
416 3350 461 3398 ubi
471 3364 541 3399 uune
553 3350 622 3399 Mart
633 3352 693 3400 Unci
703 3349 753 3400 Ro·
793 3361 895 3397 mouurn
908 3348 975 3411 regis
984 3338 1322 3409 fraternmqmussnsr·

226 3424 294 3480 κείς
310 3431 339 3472 et
352 3424 453 3472 cium
469 3424 502 3472 sd
515 3426 541 3473 S.
553 3425 713 3488 Philippum,
723 3434 754 3476 ut
794 3424 852 3473 cole
869 3431 951 3485 ortus,
967 3424 1095 3473 coloniam
1110 3422 1230 3483 deduxit,
1240 3431 1269 3471 ut
1279 3430 1323 3473 est

227 3505 321 3546 contre
339 3498 468 3546 Fesellnm
484 3499 589 3548 clover.
608 3502 755 3563 colligites
795 3498 863 3562 spud
888 3498 1059 3549 Herodotum.
1091 3497 1135 3548 Ad
1157 3499 1257 3562 Lycum
1274 3514 1324 3549 seu

226 3570 308 3635 ipsius
330 3572 514 3635 descriptione.
547 3573 652 3624 Fluvios
679 3577 756 3627 Abies
796 3572 1009 3637 potiusHslicum
1017 3570 1325 3629 ursinusirsfuirmune

227 3659 297 3698 nunc
308 3653 424 3697 sonetur.
795 3646 873 3711 vulgo
884 3648 984 3697 Plutoni
990 3664 1000 3707 ,·
1016 3648 1291 3712 qniSyracnssnorum
1298 3657 1328 3699 et

262 3725 328 3775 ‘Ad
339 3723 448 3788 Pachyni
464 3725 660 3790 monasteriem]
676 3726 757 3777 Etri·
797 3722 1046 3785 Carthaginiensium
1068 3724 1175 3773 ditionis
1199 3728 1327 3777 terminus

230 3798 280 3850 hus
289 3798 384 3849 Sicilire
395 3799 587 3861 promontoriis,
597 3802 665 3865 quod
678 3803 704 3851 in
716 3816 757 3852 or·
797 3794 846 3846 fuir
863 3804 980 3861 tempore
1000 3799 1177 3861 Timoleontis,
1196 3800 1328 3854 Heraclea

232 3881 288 3925 tun
306 3874 415 3923 msxims
434 3876 573 3938 procurrit,
583 3883 662 3940 etque
672 3876 758 3927 orien·
798 3880 900 3923 tautum
920 3875 988 3922 ultra
1005 3871 1112 3923 flurium
1131 3888 1211 3937 penes
1229 3876 1326 3928 hosre·

232 3950 286 3997 tsle
307 3949 395 3998 insulse
418 3949 486 3998 lstns
510 3962 569 3998 eum
598 3952 758 4003 meridionali
798 3955 928 3999 manente.
953 3948 1041 3999 Hodie
1057 3950 1085 3999 iu
1104 3948 1238 4000 ruderibus
1253 3952 1328 4015 jseet
1372 4016 1374 4021 ,
1457 3946 1458 3987 l

233 4022 535 4086 conjungit,l³schynum
546 4023 616 4089 alim,
625 4039 694 4077 nunc
705 4026 759 4078 sul·
798 4026 823 4073 lu
836 4024 901 4073 salle
913 4022 1029 4074 himma.

236 4108 269 4158 go
281 4095 346 4159 cmo
356 4096 472 4147 Ptessrs.
831 4098 1181 4167 tummmeusgssstis
1189 4102 1329 4167 capiis11ts
