2917 4767
485 387 556 433 ma.
581 387 697 437 xxru.
721 373 879 436 111.19.
1136 375 1221 441 1921

92 547 195 592 nus
210 529 299 592 enim
313 535 347 592 et
359 529 469 592 vinum
480 534 515 594 et
525 530 634 612 epulae
645 536 679 595 et
688 537 800 596 scona
810 531 1012 614 balineaque
1022 538 1094 596 ¹²·et
1105 533 1221 605 otium,

95 630 364 694 consuetudine
379 630 499 694 indies
510 630 679 708 blandius,
688 633 737 696 ita
749 639 988 697 enarraverunt
997 651 1138 716 corpora
1150 636 1223 698 ani·

96 749 288 815 mosque,
310 743 347 796 ut
372 733 478 812 magis
502 732 619 796 deiude
644 734 821 815 praeteritae
849 735 996 797 victoriae
1022 754 1095 811 eos,
1121 755 1223 818 quam

92 840 321 914 praesentes
345 838 528 897 tutarentur
550 833 655 912 vires3
678 833 854 918 majusque
873 834 909 898 id
929 842 1104 917 peccatum
1127 836 1223 902 ducis

100 933 225 1014 apud
248 936 371 1016 peritos
390 935 507 998 artium
523 935 713 998 militarium
729 936 914 1010 haberetur,
928 956 1027 1018 qnam
1042 937 1143 1018 quod·
1154 958 1223 1002 nou

103 1053 172 1098 ex
201 1033 371 1098 Cannensi
389 1036 462 1099 acie
482 1043 640 1118 protenus
662 1035 705 1100 ad
726 1038 840 1101 nrbem
856 1035 1044 1102 Romanam
1059 1037 1223 1104 duxisset.

105 1134 201 1200 Illa
223 1139 310 1200 enirn
325 1135 495 1202 cunctatio
511 1136 684 1201 distulisse
700 1136 801 1201 ruodo
815 1139 990 1203 victoriam
1007 1138 1112 1203 videri
1129 1148 1225 1222 potu·

108 1235 153 1299 it
168 1257 180 1316 ς
196 1237 251 1302 hic
262 1257 349 1302 error
362 1238 448 1302 vires
460 1237 623 1302 ademisse
634 1237 679 1302 ad
689 1238 896 1303 vincendum.
924 1239 1058 1323 Itaque,
1067 1239 1225 1313 Hercule,

112 1339 231 1404 velut
252 1341 283 1404 si
304 1358 381 1402 cum
403 1340 470 1404 alio
491 1340 641 1407 exercitu
663 1359 685 1404 a
706 1340 828 1423 Capua
846 1341 966 1419 exiret,
981 1343 1063 1407 nihil
1083 1361 1226 1427 usquam

116 1442 288 1523 pristinae
316 1442 504 1524 disciplina
533 1443 650 1506 tenuit.
710 1442 800 1506 Nam
825 1450 859 1505 et
874 1442 1054 1510 redierunt
1077 1445 1226 1528 plerique

118 1542 252 1606 scortis
267 1542 442 1624 impliciti:
465 1547 507 1618 et,
522 1544 579 1608 ubi
594 1544 736 1626 primum
750 1545 816 1606 sub
831 1543 974 1626 pellibus
987 1544 1104 1610 haberi
1119 1549 1227 1630 ooepti

123 1652 223 1720 sunt,
238 1644 362 1725 viaque
384 1649 418 1708 et
432 1643 519 1710 alins
532 1644 684 1710 militaris
698 1643 793 1707 labor
807 1647 956 1727 excepit,
971 1646 1112 1710 tironum
1126 1646 1226 1711 modo

125 1745 331 1828 corporibus
341 1745 528 1826 animisque
539 1745 761 1810 deficiebant:
782 1744 946 1809 etdeinde
958 1763 1125 1828 peremne
1136 1747 1226 1812 oesti·

128 1865 255 1910 vorum
269 1851 400 1930 tempus
415 1865 631 1930 magnopere
645 1847 718 1910 sine
738 1845 979 1911 commeatibus
994 1847 1038 1912 ab
1052 1847 1158 1929 signia
1179 1848 1228 1912 di·

127 1947 345 2012 labebantur:
367 1966 475 2032 neque
490 1947 568 2014 aliae
582 1947 734 2022 latebrae,
744 1963 845 2027 qnam
860 1947 989 2032 Capua,
1001 1947 1229 2014 desertoribus

132 2055 239 2112 erant.

179 2153 235 2216 19.
257 2152 425 2229 Ceterum,
442 2153 633 2217 mitescente
650 2155 723 2236 jam
740 2154 867 2238 hyeme,
879 2154 1000 2218 educto
1016 2173 1059 2220 ex
1073 2155 1229 2238 hybernis

135 2253 282 2330 milite,¹³
294 2252 477 2318 Casilinum
493 2253 588 2318 redit.
621 2253 701 2333 Ubi,
715 2273 908 2339 quanquam
922 2257 966 2321 ab
982 2258 1230 2340 oppugnatione

136 2363 307 2420 cessatum
322 2361 401 2430 erat,
417 2355 550 2419 obsidio
574 2365 683 2420 tamen
697 2359 894 2421 continuata
908 2357 1100 2440 oppidanos
1116 2363 1231 2442 praesi-

137 2457 298 2538 diumque
313 2454 356 2518 nd
371 2454 525 2519 ultimum
539 2456 661 2538 inopiae
677 2457 874 2524 adduxerat.
918 2459 1050 2524 Castris
1065 2459 1231 2526 Romanis

137 2557 193 2622 Ti.
207 2556 427 2638 Sempronius
442 2563 594 2639 praeerat,
610 2558 774 2623 dictatore
792 2561 1017 2643 auspiciorum
1038 2562 1232 2644 repetendo·

139 2677 211 2720 rum
237 2676 343 2722 causa
366 2657 518 2740 proiecto
544 2659 702 2724 Romam.
746 2659 958 2734 Marcellum,
979 2669 1015 2723 et
1040 2661 1151 2743 ipsum
1172 2682 1230 2726 on·

139 2759 291 2841 piantem
300 2757 382 2822 serra
396 2759 565 2824 auxilium
571 2761 732 2837 obsessis,
742 2767 778 2824 et
786 2759 967 2824 Vulturnus
977 2763 1084 2824 amnis
1095 2761 1233 2828 inflatus

139 2859 254 2942 aquis,
280 2867 314 2923 et
333 2877 451 2942 preces
476 2860 684 2925 Nolanorum
709 2867 809 2944 atque
824 2860 1122 2938 Acerranorum,¹4¹
1140 2872 1233 2929 tene·

138 2962 232 3038 baut,
253 2960 445 3044 Campanos
466 2963 661 3041 timentium,
683 2963 711 3026 si
732 2963 924 3046 praesidinm
947 2963 1143 3028 Romanum.
1157 2966 1233 3030 aba·

141 3064 312 3128 cessisset.
365 3061 548 3136 Gracchus,
562 3065 716 3129 assidens
733 3073 861 3129 tautum
878 3063 1040 3142 Casilino,
1055 3067 1134 3148 qnia
1148 3086 1234 3150 prae·

141 3163 265 3228 dictum
279 3172 350 3229 erat
364 3163 577 3242 dictatoris,¹⁵
588 3185 628 3230 ne
643 3165 724 3248 qnid
736 3167 873 3229 absente
886 3184 929 3229 eo
943 3166 991 3229 rei
1005 3173 1145 3246 gereret,
1152 3167 1234 3232 nihil

600 3343 780 3366 ‘mut

142 3457 282 3508 convenit!
299 3459 466 3522 Rupere—lt
492 3459 523 3507 ln
541 3458 607 3508 Edd.
628 3465 691 3508 ante
709 3457 825 3508 Gronov.
844 3459 1079 3511 inumera-12
1102 3459 1238 3522 &hesua

141 3523 237 3572 notiori
249 3521 332 3572 forma
345 3523 410 3572 Edd.
420 3523 544 3572 nonnulii.

177 3591 207 3635 1³
225 3587 268 3638 ΑΙ.
287 3591 356 3636 ducto
373 3603 402 3636 rr
422 3587 532 3652 internis
548 3587 697 3638 nune-rr
714 3586 806 3649 ‘Conj.
824 3586 851 3637 J.
869 3587 897 3636 F.
918 3588 1034 3638 Gronov.
1054 3587 1234 3637 Annaeum:

140 3653 237 3700 nerins
248 3651 433 3702 Abeiiuaorurnss
450 3652 625 3716 nupera-15
644 3651 721 3701 Maiit
733 3651 840 3716 DonJ‘at.
856 3652 958 3702 edictam
968 3653 1102 3714 dictatoria
1119 3661 1165 3702 aut
1173 3667 1235 3714 pra·

174 3894 181 3926 ¹
196 3895 276 3957 Atque
288 3893 471 3958 Acmnnorana]
491 3893 588 3958 Objicit
601 3893 669 3944 Gro·
709 3907 771 3954 rara,
781 3891 850 3955 qrrod
862 3891 925 3940 satir
940 3891 1089 3954 probabilc3
1106 3891 1157 3940 init
1168 3891 1237 3940 enirn

141 3968 567 4030 11111111,Α1111111111111111111
579 3965 671 4030 fuisse,
709 3967 803 4024 dictio,
822 3981 867 4014 ren
878 3965 972 4024 Acriis,
993 3967 1140 4029 Campania
1163 3966 1237 4028 oppi-

142 4044 248 4097 Acarris
264 4045 320 4109 jam
343 4044 466 4105 incensis,
487 4058 566 4106 supra
587 4059 611 4092 c·
630 4047 670 4094 17.
711 4043 781 4097 dum.
795 4041 871 4091 Notas
883 4042 966 4090 adhuc
980 4043 1086 4107 propior
1097 4056 1173 4108 qnam
1185 4043 1237 4096 rint

142 4120 285 4183 respondet
297 4129 393 4186 tamen,
405 4119 472 4168 sorte
485 4120 620 4168 restitutos
630 4117 670 4168 tu·
710 4117 825 4172 Acerra.

142 4192 208 4257 isaer
227 4203 272 4246 aut
294 4206 366 4247 carte
388 4195 525 4258 legendum
544 4193 669 4244 dretture-
