2917 4767
251 332 338 400 1940
716 347 753 396 r.
775 347 872 396 nrvrr

252 491 360 556 aciem
384 489 549 572 Hispanis
570 487 700 554 firmat:
722 489 757 554 in
770 489 941 569 cornibus,
955 490 1076 556 dextro
1092 492 1223 558 Poenos
1246 493 1351 570 locat,

253 589 341 656 laevo
355 589 458 654 Afros
474 592 818 675 mercenariorumque
836 592 987 657 auxilia:
1010 594 1161 676 equitum
1180 593 1353 660 Numidas

252 692 433 757 Poenorum
447 690 626 774 peditibus,
642 699 771 756 ceteros
786 690 896 756 Airis¹
910 712 973 776 pro
983 695 1142 758 cornibus
1157 692 1353 778 apponit.u

252 792 327 858 Nec
351 811 466 857 omnes
491 791 648 858 Numidae
672 794 707 856 in
728 793 845 858 dexuo
866 794 970 859 locati
990 814 1108 871 coron,
1129 797 1193 860 sed
1213 796 1353 878 quibus,

251 893 455 957 desultorum
466 893 500 955 in
515 892 663 970 modom,
674 892 776 959 binos
787 894 993 958 trahentibus
1005 915 1113 978 equos
1128 898 1215 961 inter
1228 900 1354 962 acerri-

252 1012 340 1057 mam
364 1013 457 1076 serpe
478 1012 622 1076 pugnam
644 995 678 1058 in
702 1002 869 1061 recentem
890 998 1018 1079 equum
1030 1017 1075 1060 ex
1096 999 1190 1062 fesso
1209 1000 1354 1062 armatis

252 1095 450 1159 transultare
474 1113 546 1158 mos
565 1103 653 1158 erut:
687 1103 782 1162 touta
797 1097 959 1161 velocitas
975 1097 1075 1181 ipsis,
1089 1104 1226 1182 tamque
1241 1100 1355 1164 docile

252 1215 407 1279 equorum
424 1215 526 1276 genus
538 1201 599 1260 est.
636 1195 720 1260 Cum
735 1199 798 1261 hoc
815 1198 913 1262 ruodo
927 1198 1083 1263 instructi
1098 1206 1233 1276 starent,
1247 1202 1355 1282 impe-

252 1304 395 1360 ratorum
411 1298 585 1380 utriusque
608 1298 714 1380 partis
740 1298 829 1362 haud
849 1299 950 1362 ferme
971 1299 1128 1382 dispares
1147 1320 1231 1383 spes
1245 1309 1355 1365 erant.

252 1395 343 1462 Nam
356 1416 399 1460 ne
414 1396 549 1462 multum
566 1397 700 1480 quidem
716 1406 772 1462 aut
783 1417 928 1477 numero,
943 1407 999 1464 eut
1013 1420 1128 1482 genere
1146 1400 1307 1477 militum,
1319 1402 1355 1464 ni

248 1505 312 1561 ‚ant
338 1497 389 1578 illi
414 1499 632 1580 prestabant.
677 1499 846 1565 Militibus
864 1500 964 1582 longe
981 1500 1098 1583 dispar
1113 1503 1245 1565 aninum
1268 1511 1356 1565 erat.

253 1595 418 1662 Romanis
431 1597 531 1676 euim,
545 1617 741 1682 quanquam
755 1599 873 1684 procul
884 1619 905 1664 a
916 1599 1027 1684 patria
1039 1611 1238 1685 pugnarent,
1250 1603 1355 1666 lacile

252 1705 487 1782 persuaserant
515 1699 631 1778 duces,
657 1718 718 1784 pro
743 1699 847 1766 ltalia
869 1708 969 1784 atque
997 1703 1079 1766 urbe
1107 1702 1264 1766 Romana
1292 1722 1353 1766 eos

253 1816 410 1882 pugnare.
454 1799 589 1883 Itaque,
612 1800 703 1864 velut
717 1801 843 1884 quibus
863 1801 993 1865 reditus
1013 1803 1047 1865 in
1064 1806 1265 1886 patriameo
1286 1804 1355 1867 dis-

253 1899 391 1964 crimine
412 1919 533 1984 pugnae
561 1907 755 1978 verteretur,
778 1899 1033 1966 obstinaverant
1060 1905 1191 1980 animis,
1221 1907 1355 1968 vincere

254 2006 315 2067 aut
338 2002 431 2065 mori.
476 2000 594 2066 Minus
618 2001 809 2084 pertinaces
831 2003 921 2066 viros
946 2001 1094 2067 habebat
1118 2001 1223 2075 alteru
1246 2003 1352 2068 acies·

254 2103 345 2169 Num
368 2105 517 2168 maxima
539 2123 619 2187 pars
640 2103 792 2186 Hispani
813 2111 919 2180 erant,
934 2104 992 2186 qui
1009 2105 1096 2169 vinci
1110 2105 1146 2170 in
1163 2104 1350 2188 Hispania,

253 2223 353 2288 quam
373 2206 539 2269 vinctores
558 2205 592 2268 in
613 2203 752 2268 ltaliam
774 2203 871 2282 noui,
890 2201 1071 2268 malebant.
1113 2205 1229 2269 Primo
1252 2205 1355 2289 igitur

253 2321 428 2381 concursu,
451 2323 526 2368 cum
541 2305 600 2368 rix
618 2303 689 2388 pila
711 2305 869 2387 conjecta
881 2311 1005 2383 essent,
1020 2305 1131 2370 retulit
1148 2305 1266 2388 pedem
1284 2325 1351 2370 rue-

253 2401 423 2482 diaacies,
434 2403 723 2486 inferentibusque
731 2421 809 2468 oeae
819 2423 941 2490 magno
949 2405 1354 2490 impetullomanisterga

711 2579 894 2607 monnone

252 2697 324 2760 rtgrrn
333 2697 417 2746 beata
435 2695 495 2748 Vid.
508 2693 556 2745 ini.
572 2702 601 2745 er
619 2693 681 2745 Not.
693 2696 808 2747 vnn-⁸
823 2704 832 2728 ¹
842 2695 958 2747 Cornibus
967 2697 1064 2761 opponit
1075 2709 1163 2747 onrnrr
1174 2695 1245 2746 Edd.
1256 2704 1352 2761 pitter

253 2763 330 2812 crer.
351 2767 379 2810 et
397 2759 494 2810 Stroth.
506 2773 645 2824 omnesque
657 2759 721 2810 Mar.
733 2760 915 2824 procerum.
932 2759 1069 2826 inquibus
1086 2768 1127 2810 eat
1143 2761 1249 2823 omnir.
1283 2759 1351 2810 Illud

252 2825 347 2890 probat
358 2823 440 2876 Grec.
450 2823 498 2874 lroc
509 2837 569 2873 vero
581 2832 664 2884 reete,
674 2823 775 2886 opinor,
785 2825 887 2874 stroth.
898 2825 959 2889 qula
969 2825 1055 2888 opponi
1070 2839 1115 2887 pro
1129 2825 1249 2881 amur,
1265 2825 1352 2875 enutrio

252 2897 304 2942 cet.
316 2888 434 2940 absoluta
443 2887 539 2951 capior
548 2887 660 2952 dicatur,
672 2902 722 2938 uon
735 2901 797 2958 reru
809 2887 1017 2953 rimulngatur
1028 2887 1125 2951 dativo,
1134 2887 1185 2938 uiri
1194 2887 1278 2938 ΜΖ·
1299 2889 1351 2938 ltn-

744 3033 769 3084 N
773 3031 852 3085 01·AE

253 3128 498 3180 nor.enPureruor
517 3128 782 3193 volgolegiturffledi·
821 3137 892 3180 rrnre
903 3127 1157 3179 aoletmediuoler.

252 3212 304 3256 tarr
318 3220 376 3268 perr
390 3205 527 3266 entem
543 3205 633 3254 leram
655 3205 782 3255 remuni-
857 3204 978 3255 'cm
988 3201 1351 3266 murmurmurmur&

252 3283 290 3333 nil
307 3283 417 3339 diverso,
436 3281 505 3346 qnod
522 3279 554 3330 nd
574 3283 651 3331 ritum
669 3281 782 3347 attinere
822 3279 929 3329 aliarum
942 3295 958 3328 ι
970 3278 1090 3328 Numidia
1103 3279 1234 3328 cadonum
1252 3280 1349 3345 oquin·

208 3409 210 3414 ,
252 3359 321 3408 idem
333 3359 455 3408 enimert
473 3358 721 3418 ntrrkmetinter
737 3372 781 3406 mr·
821 3364 887 3406 tum.

252 3435 395 3495 tramam.
429 3432 482 3482 Sed
501 3431 570 3482 aliud
589 3433 691 3490 veliter,
710 3432 781 3482 alind
854 3432 866 3466 ¹
885 3432 1349 3498 Preearrra'drrropperffluppear'tJliu·

253 3509 367 3571 pedites,
386 3521 437 3571 qno
455 3507 556 3556 nornine
572 3509 675 3570 gravius
687 3509 782 3558 armati
822 3508 913 3558 bouins
932 3507 1098 3557 scribendum
1120 3508 1229 3570 putebat
1246 3513 1351 3573 opponit,

252 3584 382 3648 denigrari
402 3583 494 3632 colent.
527 3583 562 3631 Et
580 3582 683 3646 peditur
702 3598 781 3648 pene·
821 3591 923 3634 etenue
935 3581 961 3632 id
973 3582 1078 3633 ridetur
1094 3583 1201 3646 exigere
1213 3585 1349 3641 sententia,

251 3661 343 3710 ruliter
355 3658 446 3722 purtim
455 3663 526 3721 ante,
536 3658 628 3721 partire
640 3659 781 3722 portrlgua
822 3658 964 3722 nreqnlrar
982 3657 1117 3721 peditibur
1130 3660 1190 3708 niue
1203 3661 1349 3724 atquchiac

252 3735 343 3799 lunari,
368 3747 460 3783 uorum
478 3745 529 3782 uon
551 3742 609 3783 ert:
637 3742 686 3783 nee·
706 3733 782 3797 recipi
822 3732 937 3797 adjuncti
947 3732 1349 3798 dgniiicentnmivenntepedi-

252 3819 326 3864 reete
336 3810 440 3866 dicitur.
454 3809 503 3859 uiri
522 3809 605 3859 minor
621 3823 744 3859 numeror
754 3808 781 3858 in
821 3815 877 3859 tnm
897 3822 1005 3869 cornua,
1024 3810 1080 3858 alre
1101 3817 1132 3858 nt
1151 3809 1201 3858 illia
1220 3809 1303 3860 additi
1318 3825 1349 3860 en

252 3889 360 3954 majori:
383 3887 466 3950 major
477 3892 562 3935 aurem
573 3899 677 3949 semper
692 3897 781 3934 nume·
820 3889 930 3947 utroque
950 3884 1035 3932 latere
1050 3897 1175 3934 cernuo·
1185 3885 1244 3934 loco
1253 3894 1349 3936 aaut.

252 3981 297 4015 nra
321 3963 437 4028 peditum
465 3965 581 4025 praviter
615 3969 781 4023 armatorum,
820 3959 971 4009 Gronovius
987 3968 1073 4010 tanen
1091 3959 1230 4010 retinetri
1245 3965 1348 4025 opponit,

252 4053 328 4103 qnnur
337 4039 401 4088 levir
411 4043 556 4086 armatura.
589 4035 782 4100 Melluriraqrrc
820 4033 962 4099 emorque
981 4035 1126 4098 excerpitur
1141 4035 1189 4084 aed
1211 4049 1271 4100 qno
1289 4051 1349 4087 aar·

252 4117 365 4182 restituo·2
372 4113 416 4176 qui
428 4111 538 4162 imnrlxtl
555 4111 665 4161 humela
678 4117 706 4160 et
721 4109 783 4160 tria·
822 4110 874 4160 nini
884 4109 919 4161 nd
928 4111 1017 4162 horrea
1027 4107 1120 4160 referri
1129 4110 1239 4174 patriar.

252 4189 307 4252 riu,
323 4199 398 4251 quem
410 4183 525 4250 perluere,
540 4186 639 4251 qulbus.
650 4193 706 4242 tuta,
722 4197 783 4236 cen·
1247 4215 1252 4226 ·
