2917 4767
723 388 757 435 T.
782 386 879 437 mvn

406 546 519 599 ueteres
531 536 610 599 oiviii
627 534 805 615 miiitnrique
825 534 933 595 virtute
952 534 1219 612 munimus
1230 554 1293 597 esse
1300 537 1352 615 ju-

405 632 483 693 dico.
527 634 629 695 Unum
641 632 743 693 deesse
755 631 811 691 tibi
827 628 972 708 indignor,
993 629 1084 708 quod,
1097 650 1129 689 re
1145 630 1284 693 familiari
1299 652 1352 693 nn·

406 731 533 807 gustiore
556 740 652 801 utens,
683 727 816 787 debiturn
840 726 955 804 mugnis
977 726 1048 787 uiris
1066 725 1253 806 splendorem
1277 730 1353 790 tueri

345 815 352 827 ⁸
405 826 522 884 minime
535 834 628 905 potes.
663 822 723 883 S'ed
736 820 1287 900 bonosortunaeinjurinmegodiutins
1297 824 1353 884 tibi

256 1948 320 1999 Plut.
352 1952 378 1999 in

239 2010 387 2078 Pyrrbofld.

405 918 557 981 molentem
576 940 639 980 eme
650 940 710 978 non
723 918 830 999 pntinr,
848 916 986 995 dsboque
1002 918 1065 975 nuri
1087 919 1260 998 argentique
1278 918 1352 979 inuti

404 1024 434 1073 et
446 1014 547 1077 iniecti
557 1035 623 1076 enni
632 1015 760 1095 oopism,
773 1032 835 1092 que
841 1009 1048 1072 ditissimorum
1055 1032 1237 1094 quorumque
1247 1035 1354 1077 oenus

403 1108 492 1171 inoile
513 1112 623 1171 rinoss.
667 1108 742 1169 Hoo
758 1109 838 1169 eninr
853 1107 986 1187 inprimis
1004 1106 1072 1167 ioco
1083 1106 1267 1188 fortuneque
1279 1130 1353 1171 meso

403 1206 558 1266 convenire
584 1224 753 1285 persnssum
777 1203 884 1272 bnbeo,
915 1202 1086 1263 eximiorum
1112 1203 1274 1274 bominum,
1300 1207 1352 1283 qui

403 1302 501 1379 potius
524 1301 625 1380 glorie
650 1318 741 1379 qusm
764 1298 896 1378 pecunie
921 1296 1141 1363 soonmubsndoe
1165 1296 1352 1369 sorduerunt,

403 1392 824 1475 graveminopismoonsotsri.
851 1391 891 1453 1d
902 1392 1185 1471 quidenegovulds
1198 1392 1351 1474 pulchrum
1396 1442 1406 1463 ,

402 1510 477 1569 opus
488 1509 551 1551 osse
569 1510 646 1560 reor,
667 1508 763 1568 neque
782 1485 1007 1565 magnifioentise
1018 1489 1106 1566 regin
1117 1490 1166 1549 vei
1178 1508 1352 1549 monumen·

402 1594 464 1643 turn
477 1584 616 1645 illustrius
628 1604 752 1664 usqusm
762 1582 843 1663 poni,
864 1580 913 1643 vei
933 1584 1085 1667 ungustius
1104 1582 1229 1662 Diisque
1240 1586 1352 1661 pretiis

401 1678 554 1739 donnrium
573 1680 709 1761 suspendi
724 1698 818 1761 posse.
860 1676 963 1743 Quare
982 1696 1042 1737 non
1057 1686 1120 1739 tens
1132 1678 1249 1739 dedisse
1259 1679 1352 1739 bene-

400 1772 500 1834 finium
512 1776 634 1853 putsbo,
647 1794 738 1855 qunrn
749 1773 907 1850 sooepisse,
924 1773 951 1830 si
962 1772 1035 1832 ineis
1053 1782 1084 1833 to
1103 1774 1198 1852 copiis
1214 1772 1351 1850 adjuvari

400 1888 510 1929 siveris

442 1972 491 2025 lu.
514 1974 523 2003 ‘
539 1962 649 2043 Neque
661 1974 761 2025 tumen
775 1962 809 2023 id
823 1984 843 2023 s
857 1973 887 2024 to
898 1964 1043 2044 petiturus
1053 1980 1144 2031 enni,
1162 1964 1188 2022 si
1200 1962 1270 2025 niti
1283 1962 1351 2042 gio-

400 2060 478 2120 riosn
502 2060 619 2138 largitio
648 2068 774 2129 tantm
800 2060 856 2119 tibi
879 2078 949 2120 vero
978 2076 1080 2138 purum
1108 2056 1217 2119 decors
1235 2058 1349 2121 inisset.

401 2154 494 2215 Nunc
507 2164 615 2223 nutem,
629 2155 700 2233 quin
712 2174 772 2213 non
787 2152 826 2213 nd
838 2153 1044 2234 proditionum,
1057 2161 1110 2215 nut
1121 2152 1272 2235 indignum
1284 2174 1350 2215 nso-

398 2250 479 2309 ribus
496 2250 555 2309 tuis
572 2249 687 2309 sueinus
707 2248 802 2308 nilum
819 2251 940 2318 emeris:
962 2248 1034 2328 quid
1054 2257 1112 2318 est,
1130 2268 1183 2311 eur
1202 2249 1350 2331 spinato

398 2342 610 2414 munusculum,
625 2344 802 2405 amicissimo
812 2344 910 2404 sninso
922 2344 1066 2416 oblntum,
1081 2343 1189 2405 infesto
1207 2353 1240 2405 et
1256 2347 1349 2425 perti-

264 2420 270 2433 ’
322 2436 342 2472 ¹·
398 2438 465 2496 neci
478 2437 552 2496 velis
564 2438 732 2515 sspsrnsrii
754 2438 822 2515 Ego
840 2440 919 2497 enirn
934 2438 1016 2498 eliud
1032 2457 1052 2498 s
1067 2446 1099 2497 to
1114 2437 1248 2499 desidero
1260 2438 1349 2509 nihi.

398 2534 453 2593 nisi
466 2532 546 2611 qnod
559 2552 578 2591 n
589 2533 652 2593 viro
665 2533 777 2613 optimo
790 2532 950 2612 petrisque
959 2532 1158 2593 amentissimo
1165 2530 1231 2593 tisri
1242 2536 1349 2613 possit,

319 2670 323 2679 .
396 2628 485 2686 immo
497 2627 624 2694 debean
645 2634 679 2685 ut
691 2634 825 2686 sensnum
838 2647 857 2686 u
869 2626 1027 2707 praebuotn
1044 2626 1099 2687 ilis
1117 2630 1285 2707 perriensis
1304 2630 1346 2689 nd

231 4045 337 4111 Appisn.

396 2723 565 2802 equitatem
584 2729 615 2780 et
636 2720 762 2781 consilis
785 2720 901 2782 mitiore
920 2721 1105 2793 manens,
1128 2720 1210 2800 quod
1233 2742 1281 2782 res
1299 2734 1348 2785 ert

395 2816 653 2895 docendumque
673 2814 784 2875 bellum
798 2816 862 2875 n'no
878 2817 1009 2895 mnrium
1025 2825 1123 2878 vestro
1142 2824 1174 2877 et
1192 2816 1302 2879 dunno
1314 2830 1348 2881 et

396 2910 526 2993 periculo
546 2912 617 2991 geri,
639 2932 735 2992 neque
745 2933 766 2972 u
776 2930 834 2983 me,
855 2912 907 2991 qni
919 2909 1088 2973 Tarentinis
1098 2911 1242 2973 suxiiiutn
1255 2912 1345 2993 polii-

395 3009 481 3078 oitus,
496 3008 588 3088 primo
600 3008 690 3067 etism
703 3006 805 3089 prndio
814 3007 1048 3078 riutnrdisoessi,
1060 3008 1175 3086 integre
1185 3006 1244 3068 fide
1252 3017 1345 3087 utque

394 3101 538 3182 dignitate
550 3102 644 3165 deseri
659 3123 752 3183 poue.
785 3100 897 3182 Neque
907 3122 979 3162 vero
989 3121 1037 3163 nse
1048 3100 1179 3164 deinum
1190 3103 1343 3166 vobisonn

393 3196 627 3277 dimicaregquos
639 3198 769 3257 amicitis
780 3216 847 3255 men
858 3216 947 3275 quem
957 3196 1027 3256 odio
1039 3195 1186 3274 digniores
1198 3197 1342 3258 urbitror:

394 3302 425 3352 et
442 3292 542 3352 multis
556 3294 666 3351 interes
681 3291 807 3369 negotiis
817 3290 937 3362 obortis,
959 3310 1025 3370 quse
1042 3292 1225 3370 presentiam
1245 3312 1342 3355 meum

393 3386 570 3457 desiderent,
597 3388 626 3446 iu
652 3404 773 3464 regnum
797 3404 893 3445 meum
918 3387 1024 3447 reverti
1047 3384 1177 3447 mutem.
1219 3385 1258 3445 ln
1283 3389 1342 3448 boe

394 3478 481 3539 fidem
502 3500 591 3560 quem
612 3480 773 3561 postulabis
791 3480 883 3553 dubo,
905 3500 966 3561 quo
983 3490 1016 3540 et
1037 3490 1070 3540 tu
1094 3478 1253 3543 donnino
1274 3500 1340 3543 meo

392 3596 510 3637 securus
520 3595 583 3636 esse
594 3578 694 3658 possis,
708 3586 739 3637 et
745 3584 907 3637 oeterorum
916 3572 1114 3635 dubitationes
1125 3574 1241 3649 toliere,
1251 3578 1278 3637 si
1288 3580 1340 3656 qui

392 3670 468 3734 forte
481 3671 629 3751 negabunt
640 3672 755 3751 regibus
766 3680 832 3733 tuto
844 3668 924 3730 credi
939 3688 1035 3749 posse,
1053 3680 1170 3751 propter
1189 3672 1275 3731 unius
1287 3682 1340 3732 out

391 3767 512 3828 ulterius
524 3768 683 3839 vesaniam,
696 3767 748 3847 qui
758 3764 841 3826 nullo
848 3764 998 3825 intellectu
1007 3765 1131 3838 bonati,
1144 3768 1340 3847 poetisstque

391 3862 557 3934 foederibus,
578 3862 672 3925 donee
691 3861 777 3922 utilis
795 3859 972 3931 viderentur,
997 3870 1122 3933 etentes,
1141 3861 1227 3921 simod
1247 3871 1337 3943 etque

391 3956 519 4019 levitatis
531 3958 655 4040 pretium
668 3957 815 4037 apperuit,
834 3954 923 4015 fidem
940 3974 1031 4034 quern
1049 3957 1232 4017 suessionem
1243 3956 1337 4037 negli-

391 4072 457 4131 gere
469 4053 642 4115 maluerunt.
685 4050 770 4112 Pnee
781 4070 851 4111 vero
861 4050 1010 4123 coniecto,
1032 4050 1107 4111 nibil
1127 4060 1179 4110 sut
1197 4050 1270 4111 mihi
1283 4054 1336 4131 ju·

391 4146 525 4221 cundius,
538 4158 590 4213 sut
601 4148 700 4211 utilius
711 4146 841 4226 utrisque
853 4145 916 4209 tisri
928 4148 1030 4226 possit,
1043 4147 1167 4225 quamsi
1179 4164 1293 4207 menum
1305 4148 1337 4207 in
