2917 4767
459 412 534 461 nra.
558 408 674 461 xxrv.
697 411 780 460 car.
801 394 836 461 3.
1115 392 1203 462 1989

62 555 218 639 juvare
241 572 314 618 eam
338 554 624 635 oppugnationem
646 558 835 637 appareret,
850 572 891 619 eo
915 554 1077 619 maturius
1099 554 1141 619 ad
1166 572 1203 619 se

73 658 315 722 defecturos!
358 653 502 719 Crotone
517 674 580 719 nec
595 656 775 720 consilium
791 674 893 721 nuum
907 657 993 719 inter
1007 656 1203 739 populares,

74 778 162 823 nec
187 759 349 822 voluntas
372 762 454 821 erat.
498 756 596 823 Unus
619 756 713 821 salut
736 756 874 821 morbus
895 758 1067 822 invaserat
1089 776 1204 821 omnes

78 860 214 925 ltaliae
238 860 405 937 civitates,
429 866 469 923 ut
492 859 608 941 plebes
634 859 679 923 ab
703 858 923 942 optimatibus
948 859 1205 925 dissentirentr⁹

82 972 244 1025 senatus
269 961 438 1025 Romanis-
457 960 595 1038 faveret,
614 963 712 1045 plebs
735 960 778 1027 ad
806 962 936 1037 Poenos
959 980 1027 1026 rem
1052 962 1205 1027 traheret.

83 1062 186 1127 Eam
202 1062 447 1127 dissensionem
468 1064 503 1128 in
517 1065 601 1128 urbe
621 1064 760 1146 perfuga
774 1064 908 1129 nuntiat
923 1062 1085 1143 Bruttiis3
1108 1063 1206 1128 Aris·

86 1163 292 1229 tomacbum
315 1184 395 1229 asse
415 1164 603 1248 principem
629 1164 751 1248 plebis,
772 1165 1015 1248 tradendusque
1034 1170 1205 1231 auctorem

88 1268 216 1331 urbis:
238 1274 273 1331 et
286 1269 321 1331 in
334 1276 434 1333 rasta
448 1268 530 1332 urbe
541 1269 676 1352 lateque
685 1269 841 1333 omnibus
851 1267 1004 1351 disjectis
1015 1270 1205 1333 moeuibus⁸

90 1387 198 1433 raras
219 1374 253 1432 et
276 1370 439 1434 stationes
463 1371 705 1455 custodiasque
735 1382 925 1435 senatorum
951 1379 1069 1435 assam
1112 1369 1204 1449 Qua-

93 1489 249 1554 cumque
260 1471 455 1535 custodiant
465 1472 577 1554 plebis
589 1472 754 1549 homiues,
768 1492 811 1537 ea
826 1478 939 1554 patere
953 1472 1092 1536 aditum.
1115 1471 1206 1536 Auc-

96 1578 177 1635 tore
203 1590 244 1635 ac
270 1572 357 1636 duce
386 1573 538 1655 perfuga,
566 1573 693 1636 Bruttii
719 1590 843 1638 corona
866 1575 1042 1637 cinxerunt
1066 1572 1203 1636 urbem:

97 1673 351 1758 acceptiqnea
371 1675 470 1757 plebe
491 1673 601 1757 primo
623 1675 753 1757 impetn
776 1674 904 1737 locos¹¹
928 1692 1055 1750 omnes,
1084 1682 1206 1755 prester

101 1793 228 1850 arcam,
258 1770 399 1857 capere.f
449 1773 574 1839 Arcem
601 1775 786 1857 optimates
817 1776 983 1851 tenebant,
1013 1783 1206 1858 praeparato

95 1876 172 1958 jam
186 1884 266 1940 ente
279 1876 322 1939 ad
339 1876 444 1941 talem
460 1896 577 1941 casnm
593 1877 760 1959 perfugio.
806 1876 932 1941 Eodem
948 1875 1204 1941 Aristomachus

102 1977 266 2061 perfugit3
288 1985 449 2060 tanquam
472 1979 600 2058 Poenis,
622 1998 687 2043 non
711 1979 865 2055 Bruttiis,
888 1983 1004 2042 auctor
1026 1976 1118 2040 urbis
1140 1984 1205 2041 tra·
1311 1968 1314 1975 ⁴

103 2079 226 2143 dandae
241 2080 372 2143 fuisset.

151 2180 184 2244 8.
205 2180 298 2245 Urbs
325 2180 426 2244 Croto
450 2200 579 2246 murum
605 2182 806 2247 incircuitu
832 2186 1002 2265 patentem
1028 2179 1207 2244 duodecim
1285 2240 1312 2263 Δ,

105 2282 211 2347 millia
233 2300 393 2365 passuum
418 2278 545 2358 habuit,
571 2288 648 2344 ante
669 2282 791 2363 Pyrrhi
810 2284 843 2347 in
863 2282 999 2347 Italiam
1020 2283 1207 2347 adrentum.

108 2386 199 2449 Post
220 2384 413 2448 vastitatem
435 2401 479 2445 eo
501 2382 590 2447 bello
607 2381 729 2446 factam
748 2382 805 2445 rix
822 2398 902 2464 pars
922 2384 1061 2444 dimidia
1074 2384 1208 2448 habita-

109 2488 227 2552 batur:
248 2479 380 2562 flumen,
395 2484 488 2568 quod
504 2482 616 2548 medio
631 2482 761 2567 oppido
776 2482 930 2559 fluxerat,
945 2490 1044 2546 extra
1057 2480 1210 2566 frequen·

142 2697 156 2731 t
173 2686 350 2750 sperabantque
361 2682 486 2733 Haaaibal
495 2689 566 2747 atque
577 2682 677 2739 Haerere,
687 2682 745 2742 sare
762 2686 789 2729 ui
802 2680 949 2728 cmraniara
959 2677 1073 2741 promtius
1082 2678 1114 2726 ari
1122 2679 1208 2729 Parra·

110 2768 164 2801 rura
173 2757 250 2814 partes
265 2750 409 2808 accederent,
418 2749 442 2797 ri
458 2763 497 2797 ecs
513 2749 568 2797 birra
580 2748 749 2811 impugnarent
761 2744 867 2805 Bruttii,
877 2746 931 2792 iaris
941 2747 1060 2793 cautaret
1070 2742 1156 2793 Pauca
1168 2758 1210 2793 aee

111 2818 286 2880 approbarem
296 2815 408 2876 murare
418 2814 616 2878 oppugnabatur
624 2828 640 2860 a
652 2811 763 2862 Bruttiis
773 2815 881 2872 creptam.

568 2967 750 2992 W?

114 3114 131 3158 9
146 3106 287 3157 »martra
304 3104 382 3153 Grut.
395 3103 510 3153 Gronov.
523 3101 632 3151 alt-ro
648 3098 711 3149 ‘Ita
726 3111 775 3162 pro
795 3098 864 3161 vulg.
880 3096 985 3161 partitas
995 3096 1110 3146 rtatiem
1119 3111 1140 3145 c.
1150 3110 1170 3144 s.
1182 3110 1210 3145 aa

112 3171 242 3235 plebium
253 3184 285 3219 err
297 3167 399 3217 emend.
410 3166 493 3217 Gran.
505 3166 608 3228 recepit
619 3164 704 3213 Drak.
715 3164 776 3225 quia
788 3175 835 3226 pro
845 3162 949 3225 partitur
965 3163 992 3209 iu
1004 3162 1056 3211 Mc.
1068 3161 1129 3209 Pet.
1140 3174 1209 3223 para·

115 3240 159 3299 eet,
174 3242 200 3285 et
215 3238 242 3283 iu
258 3234 373 3297 pluribus
389 3232 445 3281 aiiis
462 3236 571 3294 murt
589 3230 695 3290 iegitur,
712 3227 794 3276 uerba
813 3236 900 3276 autem
921 3243 949 3275 ac
963 3225 1039 3289 pata
1055 3226 1089 3274 ab
1106 3226 1211 3288 optimis

115 3298 380 3354 membranaceum,
395 3303 423 3345 ct
435 3296 498 3344 satis
509 3294 674 3356 intelligitur,
689 3290 734 3340 ubi
753 3288 877 3340 deficiunt
893 3300 1037 3351 senatores,
1054 3290 1088 3338 ibi
1107 3289 1210 3351 piebem

118 3364 234 3413 excubias
253 3362 346 3425 egisse,
365 3361 508 3424 prasertim
520 3373 578 3406 cum
594 3357 781 3421 subjungatur:
798 3369 941 3418 quacumque
956 3352 1058 3419 (parte)
1076 3354 1211 3402 mmodiaut

116 3428 185 3491 piebis
201 3428 305 3477 hmines
324 3424 436 3474 mania!
455 3425 555 3487 Rupert.
587 3421 647 3469 vra.
667 3421 729 3471 Not.
746 3421 874 3469 Vsu-ll
890 3419 1000 3468 ‘Nescit
1017 3418 1083 3467 iiber
1098 3418 1210 3481 optimus

119 3495 183 3542 taor.
213 3492 340 3541 Nesciunt
351 3497 379 3538 et
389 3490 466 3539 Voss.
477 3497 579 3550 uaeque
590 3486 658 3536 ΡιΙΙ.
692 3484 745 3535 Sed
767 3498 799 3533 ax
817 3484 856 3531 bis
875 3483 1037 3533 unuaomuia.
1072 3482 1211 3531 Vossianus

118 3558 181 3671 iacgr
190 3555 492 3669 reryrsssrrrrcruseriptum
512 3553 591 3602 babet
607 3564 706 3613 amnem,
723 3548 792 3613 quod
806 3548 909 3599 ridetur
919 3563 1017 3605 verum,
1030 3554 1059 3598 ut
1069 3547 1212 3611 inteiligas,

121 3636 148 3671 ur
166 3636 210 3671 ern.
255 3652 262 3667 .
301 3654 308 3669 .
349 3633 430 3667 roseo.

609 3760 716 3812 NOTAE

152 3888 162 3914 θ
177 3880 278 3943 lateque
287 3877 393 3928 mou
402 3874 509 3936 disiectis
520 3872 643 3935 cambus]
716 3870 726 3906 ¹
739 3870 813 3921 Luem
822 3884 909 3923 amnes,
917 3874 1005 3933 prater
1020 3882 1107 3922 arcem,
1120 3868 1212 3931 cepere]

123 3957 228 4019 conjicit
247 3954 394 4006 Grouorius
416 3966 450 4001 ex
472 3952 593 3999 Paterno
615 3954 643 3997 et
681 3948 783 4010 Optimi
794 3946 853 3996 iibri
864 3946 985 3993 nesciunt
1001 3944 1071 4003 locor,
1089 3944 1134 3991 aed
1147 3954 1212 3990 unua

124 4032 239 4081 variano
254 4029 336 4081 suinae
354 4028 497 4092 scriptum:
525 4026 553 4074 ia
573 4028 642 4073 rasta
682 4036 730 4086 pro
739 4036 819 4071 amara
830 4020 909 4069 babet
922 4018 1021 4067 amaia:
1037 4019 1104 4067 alins
1123 4028 1213 4079 snper·

124 4108 291 4169 turbatusque
301 4098 651 4171 rememoreramus
681 4098 808 4161 scriptam
825 4097 893 4145 inter
910 4104 1000 4145 varrus
1015 4092 1095 4145 babet
1114 4106 1213 4154 mem,

124 4200 184 4233 raras
198 4185 312 4233 satana
322 4180 485 4243 marram
501 4178 643 4229 &mearum
681 4184 777 4238 aearpe
788 4172 888 4223 urbem·

124 4276 175 4311 ma
