2917 4767
236 319 322 384 1394
625 332 654 379 s.
680 329 934 379 rnarusnunrr

234 484 366 563 obsequii
391 482 511 561 gloriam
538 490 688 560 querunt:
723 481 793 539 mihi
818 480 996 539 conscientia
1016 480 1174 551 suffecerit,
1194 481 1276 560 quod
1298 490 1342 540 et

235 578 387 639 scribendo
408 579 474 647 ista,
487 576 647 638 studiorum
669 576 800 637 Tuorum
815 578 987 647 commodis,
1000 588 1032 635 et
1043 576 1158 638 edendo
1171 578 1343 638 voluntatis

235 676 308 735 Tuae
335 674 537 752 significationi
569 695 633 735 sum
660 675 825 735 obsecutus.
866 674 986 755 Quippe
1016 693 1084 732 cum
1117 674 1156 733 ad
1187 674 1340 733 Historiae

237 772 367 830 liviensi
388 771 608 831 committendas
634 772 781 851 reliquias,
807 773 836 829 in
863 772 969 850 quibus
994 791 1030 830 eo
1050 782 1180 851 tempore
1201 773 1338 831 studiose

236 866 406 936 versabaris,
428 867 505 927 hunc
526 867 607 927 velut
625 868 806 927 tumultuarii
831 868 927 947 operis
950 876 1069 947 pontem
1093 868 1335 937 construxissem,

236 980 289 1041 pro
308 962 418 1021 eximia
437 963 489 1023 illa
503 963 635 1043 Orbique
654 974 725 1024 uota
737 965 868 1024 bonitate
880 962 957 1033 Tua,
974 962 1090 1042 placere
1105 962 1176 1021 Tibi
1189 973 1336 1023 conaturus

237 1076 333 1116 meum
354 1068 461 1120 testata
479 1078 521 1130 es,
544 1059 582 1119 ad
603 1078 670 1119 eum
691 1058 790 1131 linem,
804 1069 847 1131 ut,
864 1068 1004 1137 tanquam
1019 1057 1088 1117 Tibi
1110 1058 1276 1137 profuisset,
1293 1059 1337 1117 ad

230 1150 359 1213 ‘aliorum
372 1157 459 1215 etiem
470 1155 624 1215 utilitatem
638 1156 748 1234 publici
756 1156 832 1233 juris
844 1154 906 1214 lieri
920 1163 1051 1235 oportere
1059 1153 1218 1231 judicares.
1260 1155 1337 1220 Qua

238 1248 267 1307 in
288 1270 318 1308 re
340 1252 508 1311 nonnullum
524 1260 555 1311 et
575 1250 736 1332 prudentiae
748 1250 823 1311 Ture
839 1260 870 1309 et
888 1251 1074 1328 benignitatis
1093 1252 1240 1329 specimen
1253 1251 1336 1309 visus

237 1364 301 1405 sum
322 1346 567 1407 animadvertere:
596 1348 683 1423 hujus
704 1348 734 1405 in
754 1366 800 1418 eo,
827 1345 906 1425 quod
931 1345 1052 1405 volebas
1073 1346 1201 1404 omnium
1225 1346 1335 1406 servire

238 1442 348 1513 usibus,
366 1464 433 1522 quae
447 1445 560 1525 proprie
576 1444 605 1502 in
617 1442 697 1503 Tuos
709 1451 792 1502 erant
804 1450 891 1509 nata;
914 1440 1085 1522 prudentie,
1098 1440 1178 1520 quod
1191 1442 1221 1499 in
1233 1461 1336 1500 recen·

238 1536 317 1600 tibus
329 1538 373 1597 his
393 1539 540 1599 literarum
559 1541 752 1610 incrementis,
770 1558 838 1618 quae
858 1537 925 1597 Tua
943 1557 1033 1617 opera
1053 1535 1177 1616 Tuoque
1197 1537 1337 1617 exemplo

239 1620 412 1711 Septemtrio
436 1635 518 1695 Tuus
543 1635 667 1695 feliciter
687 1645 718 1695 et
741 1634 848 1714 cupide
869 1634 989 1713 accipit,
1015 1635 1196 1713 provocabas
1219 1635 1337 1713 ingenia

238 1728 477 1811 diligentiamque
493 1732 652 1803 hominum,
669 1732 772 1791 limata
789 1741 820 1821 et
835 1730 949 1790 erudita
963 1731 1072 1810 scripta
1087 1740 1200 1809 promte
1215 1730 1337 1790 edituris

241 1828 418 1897 auctoribus,
432 1830 458 1887 si
470 1828 559 1887 etiam
578 1828 689 1888 inculta
704 1830 760 1887 ista
772 1839 803 1887 et
815 1826 932 1887 horrida
942 1826 1101 1886 clementer
1112 1835 1236 1907 accepta
1248 1826 1337 1887 misse

239 1921 417 1983 didicissent.
460 1907 537 1983 clm
554 1923 641 2002 igitur
655 1923 772 1984 videam
785 1942 843 1981 non
859 1942 910 1981 eos
925 1920 1012 1981 modo
1027 1922 1078 2000 qui
1090 1919 1187 1979 Tuum
1200 1920 1239 1979 ad
1251 1923 1335 1983 obse·

240 2019 340 2096 quium
361 2022 421 2079 nati
442 2030 520 2093 sunt,
537 2021 588 2081 sed
608 2040 646 2081 ex
668 2019 868 2079 diversissimis
884 2018 1033 2077 hominum
1053 2026 1141 2095 atque
1162 2018 1338 2097 populorum

240 2114 394 2189 generibus
405 2116 573 2193 permultos,
584 2114 723 2173 mandata
734 2114 802 2172 Tua
813 2112 998 2193 cupidissime
1011 2112 1155 2191 suscipere
1168 2120 1199 2172 et
1210 2116 1317 2193 exequi
1327 2137 1336 2184 ;

241 2226 296 2285 ego
310 2208 339 2265 in
352 2208 516 2267 obediendo
529 2210 625 2288 segnis
637 2212 702 2281 sim,
716 2211 768 2289 qui
784 2210 814 2269 in
830 2218 914 2268 tanto
929 2207 1161 2267 fidelissimorum
1173 2207 1338 2269 addictissi-

241 2322 410 2383 morumque
426 2303 599 2362 famulorum
621 2324 751 2374 numero,
773 2313 824 2363 aut
843 2302 932 2373 solus,
953 2314 1005 2361 aut
1025 2303 1099 2362 inter
1119 2323 1229 2382 paucos
1247 2314 1339 2376 certe,

242 2398 381 2479 peculiari
396 2399 523 2479 quodam
534 2400 620 2460 modo
631 2420 677 2459 me
689 2400 787 2459 Tuum
800 2421 862 2460 esse
875 2400 1026 2478 intelligo?
1068 2400 1140 2460 Sum
1152 2422 1207 2480 ego
1219 2404 1340 2482 quidem

242 2494 384 2572 ejusdem,
395 2497 478 2573 cujus
490 2505 558 2555 sunt
569 2504 600 2555 et
611 2498 726 2555 omnia:
748 2516 803 2555 nec
815 2495 932 2555 aliunde
942 2516 1043 2555 veram
1055 2495 1225 2557 felicitatem
1233 2509 1264 2558 et
1275 2500 1359 2585 sine·

243 2589 301 2649 line
315 2590 484 2651 duraturam
497 2593 646 2672 opperior:
668 2610 763 2669 neque
775 2591 899 2650 minores
912 2591 1082 2672 plerumque
1092 2612 1181 2671 quam
1190 2614 1244 2673 pro
1255 2601 1342 2655 tants

242 2706 294 2765 spe
307 2688 418 2747 animos
430 2708 508 2765 gero.
551 2688 612 2747 Sed
632 2694 772 2767 quantum
793 2686 832 2746 ad
851 2687 939 2766 hujus
951 2688 1020 2746 uitae
1036 2687 1132 2747 officia
1148 2691 1282 2769 pertinet,
1297 2690 1341 2749 uti
1445 2675 1446 2694 ¹

243 2783 418 2853 certissimis,
441 2803 494 2843 nec
515 2782 585 2842 Tibi
607 2782 722 2861 ignotis,
745 2784 922 2861 argumentis
946 2782 1134 2863 deprehendi,
1156 2786 1250 2844 abeo
1270 2785 1342 2846 'libi

244 2897 313 2945 sum
328 2878 462 2938 donatus.
505 2878 596 2938 Unde
617 2880 687 2939 mihi
706 2887 843 2939 constans
855 2887 1007 2957 certusque
1029 2880 1146 2939 vivendi
1160 2902 1265 2961 scopus
1277 2894 1321 2943 est
1330 2904 1339 2951 ;

245 2978 346 3052 (quem
360 2976 383 3033 si
403 2994 471 3045 non,
488 2976 531 3034 uti
544 2974 650 3034 vellem
663 2973 869 3053 deberemque,
881 2992 1052 3052 consequor,
1074 2995 1178 3053 sequor
1193 2982 1296 3055 certe)
1312 2980 1341 3039 in

245 3070 280 3128 iis
301 3090 422 3150 quorum
445 3074 543 3150 jussus
564 3072 707 3132 vetitusve
729 3070 831 3129 modus
851 3079 907 3139 est,
928 3071 1071 3129 neminem
1093 3082 1198 3150 praeter
1219 3072 1341 3148 Drusi,

246 3166 275 3224 in
289 3168 447 3226 arbitrariis
459 3176 557 3227 autem
570 3168 744 3234 actionibus,
758 3165 903 3224 neminem
916 3174 1021 3245 praeter
1033 3165 1077 3225 Te
1091 3170 1243 3248 respicere,
1252 3172 1342 3252 idque

246 3264 373 3321 maxime
385 3264 484 3322 conari
506 3260 656 3342 perlicere,
670 3260 751 3340 quod
766 3260 835 3319 Tibi
854 3264 982 3321 maxime
1000 3263 1115 3342 placere
1132 3266 1341 3329 animadverto.

246 3358 350 3437 Atque
364 3358 420 3418 hoc
438 3359 509 3418 satis
526 3356 641 3417 firmum
655 3366 718 3417 erat
733 3357 908 3417 obedientiae
920 3361 1168 3440 venerationisque
1181 3364 1342 3436 vinculum,

246 3456 358 3513 etiamsi
376 3466 517 3535 praeterea
537 3454 624 3514 nullis
637 3464 689 3514 aut
707 3453 862 3514 virtutibus
880 3454 1012 3515 alliceres
1028 3457 1151 3527 animos,
1165 3469 1217 3518 aut
1235 3462 1345 3520 meritis

245 3551 400 3629 obligares.
442 3552 511 3612 Jarn
537 3572 606 3612 vero
638 3553 666 3611 in
691 3552 819 3631 utrisque
845 3560 960 3611 tautam
985 3562 1039 3622 est,
1063 3563 1096 3611 ut
1123 3552 1242 3615 difficile
1261 3557 1343 3616 dictu

247 3646 296 3717 sit,
323 3646 425 3727 plusne
452 3650 491 3708 ob
518 3648 585 3707 illas
608 3650 744 3708 inservire
768 3647 838 3707 Tibi
863 3648 963 3717 velim,
987 3668 1024 3707 an
1050 3650 1089 3707 ob
1121 3650 1177 3709 ista
1207 3650 1342 3713 debeam.

249 3744 352 3803 Sentio
373 3744 506 3804 incidisse
528 3764 574 3803 me
596 3746 625 3804 in
648 3745 744 3804 locum
762 3744 930 3824 ancipitem,
951 3754 982 3803 et
997 3746 1141 3825 utrimque
1160 3748 1343 3827 perplexum.
1443 3741 1444 3748 ¹

250 3840 318 3899 Sive
335 3840 424 3911 enim,
437 3839 516 3919 quod
537 3842 634 3920 cupio,
657 3839 793 3920 quodque
810 3841 922 3917 justum
943 3848 998 3909 est,
1019 3838 1087 3899 dico
1108 3861 1175 3920 qure
1196 3819 1345 3918 consutili,

248 3936 317 3995 Tibi
340 3934 409 3994 fiam
430 3936 615 4015 injucundus,
637 3956 703 4016 quae
723 3935 869 3995 lubentius
890 3936 1024 3995 virtutem
1047 3945 1078 3995 et
1092 3939 1195 3997 merita
1212 3952 1344 4019 praestas,

250 4044 337 4110 quam
367 4030 450 4093 nudis
482 4032 666 4110 prestitisse3
702 4032 764 4091 sive
789 4030 901 4110 aliquid
934 4052 973 4091 ex
1006 4052 1043 4092 ea
1070 4040 1345 4109 commemoratione

249 4127 383 4198 detraho,
396 4126 518 4189 detraho
530 4126 640 4211 aliquid
654 4126 750 4187 officio
764 4146 830 4187 meo
841 4126 1010 4207 debitoque,
1024 4127 1147 4189 detraho
1159 4129 1232 4190 Tuis
1249 4132 1344 4195 laudis
