2917 4767
206 306 293 375 1424
694 316 729 365 r.
755 316 850 364 arvrr

242 487 307 537 Prin.
372 464 501 525 maxime
522 462 715 532 memorabili,
732 481 811 530 cum,
827 459 987 519 Thurinam
1008 457 1108 518 urbem
1129 456 1234 515 iterum
1254 474 1321 534 pre-

212 566 308 599 xxxxv.
317 553 343 599 ⁶·
373 568 471 619 mente
485 558 582 618 Statio
596 558 728 627 Statilio,
741 558 832 633 signis
843 556 961 615 collatis
972 554 1142 613 dimicatum
1155 560 1220 619 est;
1235 551 1324 609 fusis-
1435 609 1436 614 ,

213 614 363 727 ,ygldhsst
375 674 431 733 qne
446 674 552 730 magna
565 672 633 713 cum
646 661 742 729 strage
755 653 897 719 hostibus,
912 651 976 729 ipsa
987 649 1078 707 etiam
1092 656 1193 705 castra
1206 666 1323 725 expug-

212 741 332 789 ΛΜΝ·
375 758 447 808 nata
471 758 626 827 captaque.
670 746 825 805 Memoriae
850 744 998 825 proditum
1026 752 1082 811 est,
1108 760 1175 800 cum
1205 750 1326 800 strenue

211 802 346 919 ξίῖἷῗῗὲ
375 852 473 903 castra
485 842 721 911 defenderentur,
730 840 826 900 scalas
838 840 978 899 afferente
992 836 1122 916 quodam
1129 837 1206 895 rasti
1218 856 1325 915 corpo·

376 938 413 995 ris
421 940 545 1016 juvene,
559 936 713 1019 Romanos
726 936 871 994 animatos
889 934 1008 1013 plenem
1025 932 1178 991 victoriam
1193 941 1326 1010 reporta·

376 1033 460 1091 visse.
503 1031 591 1091 cesa
610 1032 746 1091 dicuntur
762 1032 792 1089 in
810 1030 911 1109 praelio
930 1038 962 1087 ct
977 1027 1080 1087 castris
1092 1027 1219 1086 bostium
1231 1026 1329 1085 millia
1439 1029 1441 1118 ,

377 1127 498 1205 viginti:
533 1128 660 1205 quinque
686 1126 782 1185 millia
806 1144 873 1184 cum
895 1126 958 1202 ipso
979 1124 1152 1201 imperatore
1178 1123 1327 1200 signisque

379 1222 551 1280 militaribus
563 1222 668 1299 viginti
680 1230 770 1300 capta
789 1229 866 1279 sunt.
908 1218 1035 1277 Postero
1055 1216 1105 1276 die
1121 1237 1188 1276 cunr
1203 1216 1330 1276 donaret
1441 1219 1442 1224 ’

379 1336 430 1375 eos
453 1315 566 1385 consul,
587 1336 710 1393 quorum
737 1316 856 1392 insignis
876 1334 966 1393 opera
991 1312 1100 1381 lucrat,
1126 1311 1329 1389 vallarcmque

379 1430 517 1469 coronam
531 1410 559 1468 ci
572 1430 603 1468 se
615 1410 751 1469 daturum
764 1410 898 1479 dixisset,
907 1410 957 1487 qui
970 1418 1067 1468 castra
1079 1408 1206 1466 bostium
1219 1405 1333 1486 primus

382 1505 616 1575 transcendisset,
630 1506 770 1585 quaesitus
782 1506 892 1582 ingenti
905 1504 1001 1563 studio
1011 1503 1131 1581 reperiri
1141 1522 1198 1561 non
1212 1501 1330 1582 potuit:

381 1600 406 1659 si
439 1600 523 1659 miles
555 1598 667 1669 luisset,
693 1600 770 1659 ultro
791 1621 822 1659 se
843 1600 995 1660 oblaturus
1016 1600 1086 1657 hnic
1108 1607 1192 1656 tanto
1211 1597 1330 1656 bonori-

384 1694 538 1754 Creditum
552 1695 638 1773 igitur
650 1696 860 1774 vulgatumque
868 1705 924 1763 est,
937 1694 1067 1753 Martem
1076 1694 1170 1772 ipsum
1179 1702 1333 1751 auctorem

384 1793 449 1869 ejus
461 1790 558 1871 operis
569 1810 747 1869 causamque
760 1792 890 1850 victoriae
903 1789 1011 1848 fuisse:
1032 1788 1219 1866 consulisque
1234 1787 1336 1846 edicto

281 1946 285 1953 ,
386 1885 561 1965 supplicatio
573 1886 602 1945 ei
622 1894 666 1945 est
681 1886 795 1955 habita,
809 1885 975 1963 militesque
998 1882 1122 1943 laureati
1137 1902 1246 1960 magna
1265 1902 1335 1943 cum

328 2012 331 2019 ·
387 1981 490 2040 laetitia
502 1981 698 2061 supplicatum
712 1981 817 2041 icrunt.

428 2082 460 2139 ⁷.
494 2076 705 2155 conspirantes
731 2076 871 2136 adversus
895 2075 1066 2136 Romanum
1093 2074 1219 2156 populos
1248 2075 1339 2135 nullis

389 2171 487 2230 adhuc
510 2170 630 2229 auxiliis
645 2170 764 2249 publice
776 2170 929 2231 Tarentini
944 2175 1103 2250 juverant:
1125 2172 1176 2249 qui
1195 2170 1338 2250 praecipui

389 2265 506 2324 laederis
519 2265 600 2323 istius
614 2274 758 2336 auctores,
771 2275 870 2327 nmen
883 2267 1006 2328 aliorum
1018 2268 1169 2327 laboribus
1180 2286 1270 2346 quam
1283 2286 1341 2325 suo

385 2359 551 2419 discrimine
570 2359 674 2419 lacessi
697 2360 838 2437 Romana
853 2383 946 2434 arma,
959 2362 1090 2441 bellique
1110 2371 1248 2421 eventium
1262 2381 1339 2441 prae-

387 2454 506 2524 tentari‚
520 2455 682 2533 sapientius
698 2452 925 2519 arbitrabantur.
967 2457 1029 2517 Sed
1043 2458 1160 2516 minime
1175 2457 1227 2515 diu
1243 2457 1342 2515 tenuit

389 2552 445 2610 ista
457 2549 661 2620 dissimulatio,
676 2552 747 2629 quin
759 2572 830 2611 casu
846 2552 975 2630 quodam
989 2554 1097 2611 insane
1113 2551 1210 2631 plebis
1221 2552 1340 2611 temeri·

390 2654 483 2705 tatem
497 2653 684 2724 provocante,
698 2646 826 2706 civitatis
836 2648 959 2707 consilia
973 2648 1159 2709 nudarentur.
1192 2645 1263 2705 Jam
1277 2656 1341 2704 nrm

392 2760 430 2799 ea
444 2738 543 2799 Italiae
556 2740 834 2810 ora,consuetudine
849 2741 1033 2812 Graecorum,
1047 2764 1067 2803 a
1078 2744 1184 2823 quibua
1195 2738 1345 2801 Tarentus

392 2844 612 2915 ceterarumque
626 2836 739 2897 urbium
752 2857 820 2917 pars
833 2839 974 2919 pleraque
986 2840 1114 2898 condite
1128 2838 1255 2906 lucrant,
1267 2835 1344 2895 deli·

393 2932 446 2991 ciis
461 2930 694 3011 spectaculorum
710 2941 800 3011 atque
816 2933 987 2993 histrionum
1003 2932 1159 2994 immodice
1174 2932 1344 3011 gaudebat:

255 3054 348 3107 sm,
367 3051 384 3101 ι,
396 3027 544 3106 praecipua
555 3024 777 3087 Tarentinorum
791 3027 918 3097 luxuria,
928 3049 1002 3108 quos
1009 3028 1085 3088 adeo
1099 3028 1242 3107 corruptis
1254 3028 1344 3085 mori·

234 3122 376 3231 *pq-123⁸&
396 3123 451 3183 bus
462 3123 555 3200 agisse
569 3132 742 3191 memorant,
764 3133 798 3182 ut
818 3122 916 3203 pluras
935 3123 1038 3202 epulas
1053 3123 1196 3202 ludosque
1208 3122 1348 3182 solennes

233 3196 343 3295 20⁰„ss
378 3215 385 3230 '
398 3220 569 3297 reciperent,
583 3235 672 3294 quam
685 3217 825 3276 annidies
836 3229 943 3278 emeat.
965 3218 1053 3279 Forte
1066 3218 1096 3276 in
1104 3219 1220 3278 theatro
1233 3219 1347 3296 majore

234 3310 341 3422 punitu-
349 3323 388 3383 312·
394 3316 486 3391 juxta
498 3318 612 3392 portum
621 3311 678 3370 sito
688 3310 775 3372 ludos
786 3314 978 3393 spectabant3
993 3334 1062 3374 cum
1075 3314 1110 3374 L.
1120 3313 1270 3382 Valerius,
1280 3312 1348 3387 (alii

256 3374 387 3425 ‘mmm'
400 3405 570 3465 Cornelium
575 3406 753 3485 nominant)
759 3408 893 3469 duumvir
899 3409 1022 3480 navalis,
1028 3409 1191 3487 decemque
1198 3407 1349 3467 Romanae

400 3520 489 3561 naves
503 3509 617 3581 portum
630 3500 790 3563 introiturus
805 3526 837 3565 se
853 3504 1028 3565 ostendunt:
1043 3504 1205 3584 pernicioso
1218 3504 1350 3581 utrisque

148 3622 154 3643 ⁸
238 3615 345 3663 torua.
399 3616 505 3667 errore,
514 3615 581 3655 cum
591 3596 682 3673 ignari
693 3618 788 3658 rerum
795 3600 925 3660 omnium
933 3599 1064 3659 Romani
1072 3609 1212 3677 tanquam
1220 3598 1349 3658 amicum

400 3701 432 3751 et
452 3691 597 3771 hospitale
614 3691 696 3752 littus
708 3704 858 3773 peterent;
879 3693 1042 3765 Tarentini,
1055 3694 1236 3754 conscientia
1247 3714 1351 3755 vecor-

401 3785 465 3857 des,
483 3787 607 3847 classem
627 3788 726 3848 bostili
748 3792 847 3851 animo
859 3790 1041 3869 consilioque
1055 3790 1170 3849 missam
1184 3810 1247 3849 esse
1260 3790 1351 3848 inter·

373 3886 376 3893 ’
403 3892 594 3963 preterentur.

240 3990 375 4057 Appianas.
444 3984 473 4037 8.
496 3978 594 4037 Adest
608 3976 808 4052 Philocharis,
818 4002 905 4062 quem
917 3984 956 4041 ob
969 3983 1177 4063 turpitudinem
1189 3980 1258 4038 vite
1272 3979 1355 4041 cives

405 4072 448 4131 sui
468 4070 612 4133 Thaidem
633 4074 834 4155 appellabant.
881 4077 925 4149 Is,
945 4088 1076 4139 veterum
1096 4074 1278 4157 quorundam
1299 4074 1354 4134 ior·
