2917 4767
480 416 550 463 nte.
576 415 692 462 xxlv.
713 418 796 461 cns.
819 399 872 461 ll.
1131 400 1217 463 2059

102 560 193 623 εἰς’
221 560 375 637 navibus,
403 562 490 623 terra
521 560 752 625 Macedoniarn
778 560 881 641 petiit,
908 576 1030 639 magna
1051 578 1093 623 ex
1121 574 1214 645 parte

101 662 234 725 inermi
249 662 398 726 exercitu
413 661 638 745 spoliatoque.
684 661 839 725 Romana
852 662 973 725 classis
987 680 1062 725 cum
1081 660 1129 725 M.
1145 662 1213 727 Va-

102 762 204 827 lerio
218 764 312 828 Orici
326 763 555 847 hybernavit„

160 864 219 927 41.
240 865 369 931 Eodem
399 886 486 930 anno
508 868 543 930 in
570 867 742 948 Hispania
772 867 862 935 varie
888 886 941 929 res
965 874 1080 947 gestas.
1125 868 1215 933 Nam
1241 902 1247 909 ·

104 967 344 1050 prius,quaur
371 966 517 1031 Romani
544 988 671 1032 amnem
698 970 832 1032 Iberum
858 969 1043 1043 transirent,
1066 971 1216 1051 ingentes

105 1069 239 1151 copias
255 1069 489 1151 Hispanorum
509 1070 615 1152 Mago
637 1081 671 1134 et
695 1071 890 1135 Hasdrubal
908 1071 1071 1133 fuderunt.
1117 1071 1217 1135 Dele-

105 1171 291 1253 cissetqne
316 1173 360 1235 ab
387 1172 550 1235 Romanis
565 1173 702 1236 ulterior
726 1172 904 1255 Hispania,
921 1176 953 1235 ni
975 1172 1015 1236 P.
1033 1171 1218 1247 Cornelius,

107 1274 240 1353 raptim
265 1273 421 1336 traducto
446 1277 597 1339 exercitu
624 1276 771 1352 iberum,
787 1274 899 1339 dubiis
915 1276 1080 1338 sociorum
1098 1276 1218 1337 animis

108 1373 155 1433 iu
170 1379 317 1456 tempore
331 1372 535 1439 advenisset.
580 1378 693 1441 l’rimo
709 1376 751 1440 ad
768 1384 913 1441 castrum
930 1374 1045 1440 Altum
1058 1384 1090 1419 ⁸⁰
1104 1376 1218 1459 (lucus

110 1481 176 1535 est
196 1475 335 1554 insignis
361 1476 456 1539 caede
482 1480 592 1556 magni
618 1477 843 1559 Hamilcaris)
865 1484 974 1542 casim
997 1478 1140 1541 Romani
1164 1478 1218 1540 ba·

111 1575 230 1639 bucca
274 1574 347 1638 Arx
365 1586 437 1638 erut
453 1579 587 1651 mnnita,
601 1583 635 1639 et
659 1588 892 1643 convexerant
916 1586 993 1643 ante
1008 1578 1220 1643 frumentum.

112 1675 265 1753 Tamen,
280 1678 362 1758 quia
376 1680 487 1739 omnia
509 1678 602 1740 circa
624 1678 768 1740 bostium
796 1681 894 1761 plena
918 1686 1021 1753 erant,
1037 1698 1220 1761 agmenque

115 1776 313 1840 Romanurn
329 1779 466 1861 impune
488 1781 716 1841 iucursuturntt
737 1782 781 1842 ab
799 1781 970 1862 equitibus
986 1780 1131 1842 bostium
1149 1780 1220 1841 lue-

115 1884 184 1948 rat,
210 1880 309 1942 etad
336 1879 404 1942 duo
431 1880 546 1955 millia,
570 1889 629 1942 aut
656 1886 859 1944 moratorum
877 1889 937 1943 aut
959 1881 1143 1963 palantium
1161 1902 1222 1963 per

117 1998 234 2060 agros,
249 1980 435 2057 interiecta,
449 2000 581 2043 cessere
597 1982 675 2044 inde
690 1981 837 2045 Romani
863 1983 1001 2065 propios
1026 1990 1148 2065 pacata
1172 1984 1223 2045 lo-

117 2088 204 2148 ca‚¹⁰
217 2088 252 2143 et
274 2082 316 2143 ad
334 2090 480 2145 montem
497 2082 721 2147 Victoriae¹¹⁶
738 2091 848 2147 casba
864 2086 1123 2148 communit-ere.
1172 2085 1221 2145 Eo

116 2182 184 2245 Cu.
214 2182 330 2264 Scipio
353 2202 429 2244 cum
458 2186 612 2245 omnibns
642 2185 764 2267 copiis,
787 2193 821 2249 et
840 2184 1038 2249 Hasdrubal
1062 2186 1222 2264 Gisgonis

118 2282 226 2358 filius,
250 2285 367 2346 tertius
392 2282 719 2364 Carthaginiensium
748 2286 830 2361 dux,
856 2306 933 2350 curn
960 2289 1109 2349 exercitu
1129 2288 1222 2368 justo

119 2384 277 2447 advenit:
300 2391 482 2467 contraque
504 2392 616 2447 castra
639 2384 793 2449 Romana
814 2394 903 2449 trans
925 2387 1085 2451 fluvium·
1104 2406 1222 2451 omnes

119 2486 314 2548 consedere.
363 2486 404 2548 P.
428 2486 558 2568 Scipio,
585 2507 660 2550 cum
687 2489 854 2569 expeditis
878 2489 964 2551 clam
989 2488 1159 2572 proiectus
1180 2488 1222 2550 ad

119 2587 313 2657 locacirca
334 2586 488 2661 visenda,
510 2587 597 2650 haud
624 2587 739 2669 fefellit
761 2588 888 2650 hostes:
912 2588 1224 2669 oppressissentquo

121 2708 200 2751 enm
216 2687 250 2751 in
265 2690 455 2771 putentibus
470 2690 611 2772 campis,
628 2690 660 2751 ui
676 2689 834 2752 tumulum
855 2689 888 2751 in
910 2688 1095 2771 propinquo
1112 2690 1222 2770 cepis-

122 2798 186 2855 set.
231 2791 284 2855 Ibi
311 2811 444 2875 qnoque
469 2792 713 2855 circumsessus
740 2791 883 2855 adventu
909 2791 1019 2853 fratris
1047 2788 1224 2851 obsidione

121 2893 290 2954 eximitur.
336 2891 488 2967 Castulo,
510 2890 609 2953 urbs‘
630 2894 807 2975 Hispaniae
832 2891 946 2955 valida
971 2910 1011 2954 ac
1038 2891 1170 2964 nobiliS,
1193 2898 1224 2950 et

121 3189 140 3233 6
159 3182 273 3260 licam
284 3181 351 3231 ΕΜ.
364 3188 426 3231 rute
437 3181 602 3231 olonna-⁷
618 3180 768 3244 negentur·
780 3188 867 3229 rnnuct
879 3180 951 3229 Dnlr.
965 3180 1087 3230 subductis
1101 3187 1171 3244 utque
1188 3185 1224 3231 ir-

121 3246 320 3359 “'g‘f’clffiffi
327 3246 687 3373 {iffmtbgrtresgbonzhllruln'
706 3309 856 3370 Rupert-tl
873 3310 988 3369 Fulvius,
1004 3309 1136 3370 importune
1155 3327 1225 3361 ceun-

122 3382 191 3423 tnm:
207 3373 274 3436 qnod
293 3384 365 3422 certo
381 3375 436 3422 seio
454 3375 518 3423 Livii
536 3390 586 3421 nun
599 3389 665 3421 esse.
698 3374 760 3421 Put.
775 3374 868 3435 impunc
878 3374 1037 3423 inversuram:
1056 3388 1137 3435 usqne
1150 3376 1226 3425 aliter

124 3443 178 3486 rinc
198 3438 258 3487 Pet.
275 3438 351 3489 Voss.
367 3438 422 3486 duo
435 3438 503 3485 Pali.
521 3446 548 3486 et
568 3439 641 3486 Men.
675 3436 728 3485 Ant
746 3452 805 3485 vera
819 3446 860 3485 est
873 3439 985 3495 vulgara.
997 3447 1041 3485 ant
1052 3440 1227 3495 scribendum,

123 3501 385 3566 impmdiuexutam!
400 3502 427 3552 J.
446 3504 475 3551 F.
488 3503 670 3552 (ironam-lt)
687 3502 737 3549 Per
752 3502 821 3563 princ
836 3516 860 3563 p.
872 3502 889 3550 l.
908 3509 960 3550 vet.
981 3502 1025 3551 lib.
1043 3516 1086 3567 ap·
1104 3501 1226 3567 Sigon.—

621 3629 733 3681 NOTAE

159 3736 171 3761 θ
186 3726 227 3776 Ac
235 3732 340 3777 mmm
348 3726 445 3789 Altum]
462 3726 596 3789 Oppidum
607 3723 659 3774 fnit
698 3726 843 3789 Orospeda
854 3726 991 3779 montino
1003 3728 1121 3777 dextram
1134 3732 1226 3778 Sucro·

126 3804 392 3866 Lnaonnm‚qnipam
403 3802 602 3851 Celtiberorum.
626 3802 657 3850 Ei
697 3800 1227 3866 nla‚nuuprocrrlAnaefuutilrur,inllas-

124 3886 220 3943 pcstea
236 3894 329 3927 nomen
349 3878 454 3936 Valerio,
465 3878 498 3925 nd
514 3878 657 3924 Sucronem
699 3882 840 3928 titauurnrn
856 3879 958 3934 linibus,
975 3894 1024 3942 qna
1041 3878 1125 3929 Simu
1139 3882 1169 3929 dc
1185 3882 1228 3929 At·

124 3955 393 4020 fl.quinunchccr.
420 3954 657 4003 Putatnremebo·
698 3968 767 4003 cnruz
781 3953 814 4003 ad
826 3955 1036 4017 septemtrionem
1050 3956 1158 4005 maxime
1171 3972 1228 4005 vcr-

125 4032 171 4082 die
186 4032 290 4093 cml«,
297 4032 468 4095 Episcopatus
478 4032 505 4080 in
518 4045 584 4079 nora
596 4031 658 4080 Car·
700 4031 747 4095 git,
759 4030 791 4078 ad
801 4030 923 4093 oppidum
934 4030 1057 4081 Aliucete.

126 4108 202 4171 tella,
224 4108 334 4171 ejusque
356 4114 442 4158 tractu
464 4122 540 4174 quem
562 4107 660 4158 Sarrum
732 4114 742 4140 ⁰
760 4106 835 4156 iluna
843 4106 958 4171 fluuium]
974 4108 1111 4158 Debuerat
1122 4107 1227 4159 flurium

128 4190 242 4233 vocam:
261 4184 337 4246 vulgo
350 4185 451 4233 Omen.
700 4184 842 4233 nominare.
875 4184 951 4234 Nunc
961 4184 1074 4237 incertus
1086 4188 1226 4253 relinquit:

161 4258 234 4310 ‘Ad
250 4265 351 4311 muntem
372 4258 498 4327 Victoria]
518 4260 580 4319 Fuit
599 4274 660 4325 pars
699 4259 793 4323 Anam,
804 4268 876 4324 putu,
887 4261 1017 4325 intelligit.
