2917 4767
247 354 336 421 lesu

249 530 338 596 Polyb.

250 807 334 857 Ζοιιιῐ.

735 370 771 419 Τ.
795 368 890 417 LlVll

412 509 482 581 lem,
495 508 546 589 qni
557 525 596 569 ex
609 506 713 569 Sicula
724 508 796 587 inge
808 508 990 588 Cartbagine
1005 506 1102 570 adhuc
1114 510 1237 590 egebat,
1253 512 1368 571 iterum

411 605 536 666 naribus
547 606 607 665 suis
618 614 801 684 praeponunt,
814 606 970 683 multisque
984 615 1015 665 et
1026 608 1276 686 prestantissimia
1288 626 1369 687 prte-

412 700 555 761 fectorum
575 700 725 761 navalium
746 700 904 778 sdjunctis,
927 700 1051 761 clamem
1070 702 1206 762 hostilem
1224 722 1242 761 e
1260 704 1372 781 patriis

412 795 558 855 littoribus
572 795 713 875 repellere
725 796 846 873 jubent.
889 794 986 855 Solvit
1004 797 1028 855 is
1051 797 1169 875 quidem
1190 806 1224 857 ut
1247 817 1369 877 pugna-

412 900 511 950 turus:
533 894 662 951 ceterum
684 892 838 970 quominus
855 901 1084 963 concurreretur,
1106 892 1271 953 intercessit
1287 902 1367 952 tem-

412 997 521 1067 pestas,
534 1006 602 1067 qua
615 988 745 1067 utrisque
759 988 856 1064 gravis
871 988 1053 1056 incumbens,
1075 987 1115 1046 ad
1131 988 1198 1048 loca
1216 988 1369 1066 tranquil-

412 1081 487 1142 liora
497 1083 786 1143 summovitinvitos:
808 1081 953 1141 Surdiniae
960 1090 1058 1141 tamen
1066 1093 1167 1163 portus
1175 1084 1263 1143 ambo
1271 1084 1370 1142 duces

412 1186 578 1239 tenuerunt.

452 1280 503 1334 27.
525 1271 575 1331 Ibi
586 1292 653 1331 cum
666 1273 695 1331 in
709 1273 844 1332 anchoris
856 1273 998 1335 baberent
1012 1294 1113 1344 naves,
1125 1272 1288 1353 Sulpicius,
1303 1294 1368 1353 quo

413 1368 541 1427 Poenum
563 1368 593 1425 in
614 1376 746 1447 apertum
767 1388 845 1427 mere
866 1370 1030 1449 perliceret,
1052 1368 1195 1448 quosdam
1217 1370 1367 1429 subornat

412 1467 463 1546 qui
473 1466 688 1544 transfugarum
699 1467 797 1546 specie
809 1466 1017 1547 persuaderent
1030 1466 1200 1527 Hannibeli
1208 1465 1369 1525 Romanos

411 1563 516 1621 iterum
536 1564 567 1621 in
590 1562 726 1620 Africum
745 1563 893 1640 navigare.
937 1562 1090 1643 Deceptus
1112 1560 1162 1621 ille
1185 1562 1240 1620 hoc
1261 1562 1366 1621 vafra-

412 1666 512 1717 mento
524 1657 656 1717 celeriter
664 1657 875 1717 eductaclasse
884 1658 913 1717 in
926 1657 1075 1717 consulem
1088 1656 1195 1717 idoneo
1207 1656 1274 1716 loco
1288 1678 1368 1736 prte-

413 1753 570 1813 stelantem
584 1754 743 1832 imperatus
757 1753 878 1813 incidit:
901 1752 1058 1832 multaeque
1073 1772 1162 1811 naves
1174 1750 1302 1811 Punicae
1309 1752 1367 1811 de-

413 1868 520 1930 presse
530 1855 608 1918 sunt,
623 1849 792 1928 priusquam
809 1849 884 1907 scire
905 1856 1024 1927 possent
1038 1846 1109 1926 quid
1128 1855 1272 1925 tegeretur,
1294 1866 1367 1906 cum

414 1944 533 2003 insidias
546 1943 674 2003 consulis
686 1944 867 2023 tempestatis
875 1942 958 2003 levor
970 1954 1001 2003 et
1014 1952 1175 2023 opportune
1188 1950 1253 2001 orta
1264 1943 1368 2020 caligo

413 2041 545 2099 texisset.
586 2038 721 2097 Tandem
733 2058 763 2097 re
781 2038 932 2099 intellectu
948 2036 1069 2117 reliquie
1086 2038 1283 2117 repetiverunt
1295 2058 1367 2117 por·

414 2141 489 2203 tum,
503 2135 597 2193 autin
611 2134 695 2211 littus
706 2154 738 2192 se
750 2136 917 2211 ejecerunt:
939 2134 979 2193 ibi
1001 2133 1231 2213 profugientibus
1244 2134 1367 2212 remigi-

412 2228 920 2308 busplcraequeinanescsptaesunt.
944 2227 1368 2307 Hennibelenim‚desperatc

412 2323 505 2382 teneri
526 2330 643 2400 portum
665 2342 761 2400 posse,
783 2325 812 2385 in
836 2323 978 2403 oppidum
999 2324 1105 2383 Sulcos
1126 2344 1157 2382 se
1178 2322 1366 2383 contulerat:

413 2417 465 2476 ubi
477 2416 622 2476 seditione
636 2426 701 2477 orta
713 2419 939 2497 comprehensus
962 2430 980 2479 rt
998 2418 1301 2497 Carthaginiensibus,
1314 2420 1371 2498 qui

414 2510 520 2572 eodem
533 2532 572 2571 ex
589 2530 690 2592 pugne
710 2512 915 2591 confugerant,
937 2514 1017 2592 quod
1038 2516 1102 2591 ejus
1117 2513 1314 2573 temeritatem
1335 2524 1370 2573 et

266 2623 320 2674 nv.
339 2623 386 2688 up.
414 2605 569 2667 stultitiam
582 2606 678 2667 cledis
688 2626 749 2666 ωε
765 2626 884 2667 oausam
902 2608 990 2667 luisse
1007 2609 1150 2678 dicerent,
1164 2609 1304 2688 crucique
1317 2610 1366 2669 ai'-

251 2704 289 2734 xv

249 2752 336 2817 Polyb.

250 2814 334 2867 Zoner.

414 2701 492 2761 fixus
504 2703 599 2782 periit
642 2702 703 2763 Sed
716 2703 782 2762 brec
795 2704 918 2763 victorie
931 2704 1079 2763 Romanis
1092 2704 1180 2783 pnnlo
1193 2714 1261 2783 post
1272 2704 1366 2765 detri-

414 2799 504 2858 menti
516 2796 684 2858 nonnullius
696 2818 787 2858 cause
799 2798 875 2857 tuit:
896 2818 963 2858 cum
977 2798 1289 2859 enimsublatoclussis
1297 2801 1365 2859 Pn-

414 2894 488 2953 nicae
507 2902 586 2954 metu
604 2895 634 2953 in
652 2894 818 2968 vastatione
839 2913 972 2971 agrorum
995 2895 1170 2954 contentius
1187 2904 1218 2954 et
1234 2897 1367 2956 securius

412 2998 605 3060 versarentur,
633 2990 791 3069 improviso
813 2987 975 3049 Poenorum
997 2988 1213 3068 Sardorumque
1234 2990 1365 3063 incursu,

250 3095 402 3165 Furicuptt.
414 3083 566 3145 Hannone
584 3083 712 3163 quodam
734 3084 821 3155 duce,
842 3084 899 3143 iusi
919 3093 995 3145 sunt.
1037 3084 1197 3143 Censuram
1215 3084 1273 3145 boc
1285 3106 1366 3147 anno

263 3190 322 3239 Tse.
335 3191 401 3242 Anu.
414 3178 452 3240 C.
472 3178 593 3241 Duilius
611 3181 702 3257 gessit
717 3199 785 3239 curn
801 3179 835 3241 L.
849 3178 989 3239 Cornelio
1010 3180 1148 3259 Scipione
1171 3180 1275 3259 prioris
1292 3184 1365 3243 anni

250 3270 280 3304 u.
294 3260 336 3306 so.

412 3275 554 3345 consule,‘
566 3274 696 3353 Janiqne
715 3274 858 3354 templum
871 3276 950 3354 epud
963 3275 1057 3335 forum
1078 3274 1226 3335 olitorium
1243 3278 1365 3339 struxit.

248 3380 401 3447 succepti.
412 3368 566 3450 Triumphi
577 3368 685 3429 debinc
695 3369 755 3429 duo
763 3371 905 3449 spectati:
928 3370 1005 3449 prior
1014 3370 1052 3429 C.
1067 3370 1185 3449 Aquilii
1203 3368 1285 3430 Flori
1293 3392 1363 3451 pro·

413 3463 531 3523 consule
548 3463 586 3524 dc
608 3463 712 3525 Ptenis
725 3464 769 3527 A.
788 3464 829 3524 D.
845 3480 891 3524 tv.
906 3464 1014 3525 Nonas
1035 3464 1197 3534 Octobrem
1221 3464 1296 3525 alter
1324 3466 1363 3525 C.

414 3556 541 3641 Sulpicii
553 3558 682 3622 consulis
697 3560 736 3621 de
750 3560 853 3621 Poenis
865 3568 896 3621 et
909 3558 1020 3634 Sardis,
1036 3559 1079 3623 A.
1095 3558 1136 3621 D.
1152 3576 1206 3621 111.
1223 3560 1343 3622 Nonas.

444 3793 454 3825 t
472 3793 568 3844 Ceut.
579 3794 688 3845 Cunetio
698 3793 810 3857 supano
818 3795 870 3859 pri·
905 3802 986 3844 ment.
1004 3796 1036 3846 ad
1049 3796 1151 3851 Festos,
1162 3795 1247 3859 prims
1262 3796 1364 3860 syllrba

411 3857 536 3907 massi
553 3860 659 3923 mnu]
685 3860 764 3909 Hunc
780 3861 870 3909 Duilio
905 3860 1015 3910 nominis
1037 3860 1135 3923 δείμας
1162 3867 1190 3909 st
1210 3865 1302 3910 vetere
1323 3862 1364 3911 ln·

412 3922 549 3985 collegnm,
571 3940 586 3973 n
608 3924 782 3973 Freinshemio
803 3938 869 3987 pra·
905 3924 1057 3987 scriptione,
1073 3940 1088 3973 n
1105 3922 1242 3974 Garsendo
1260 3924 1289 3973 in
1309 3927 1364 3977 vlt·

412 3988 570 4049 termimum,
596 3986 779 4051 ndjnnximns:
814 3988 868 4037 niul
904 3986 1363 4052 Peiresciiullnts,quadocetbunc

413 4047 564 4111 frngmentir
576 4052 723 4117 Fastorum,
738 4052 869 4116 inquibus
904 4052 946 4103 Sci
950 4053 1050 4118 pionem
1056 4064 1189 4105 censorem
1195 4050 1285 4105 luisse.
1292 4055 1364 4107 cres.

413 4123 497 4171 extat.
519 4125 588 4168 teste
609 4118 717 4183 sigonio
738 4118 766 4167 in
794 4116 870 4169 Com·
