2917 4767
477 363 550 411 nro.
573 361 677 412 xxrr.
701 361 783 410 our.
805 343 859 411 16.
1133 347 1219 414 tint

108 503 264 583 oceidit3
286 503 461 585 extemplo
479 509 661 587 occupatos
675 504 857 571 ourtamine
878 507 930 568 est
944 503 1108 581 animos!
1126 506 1218 570 exui·

109 605 305 688 «teruntque
319 612 492 688 praeoeptu
507 604 692 681 dictatoris,
706 604 775 686 qui,
791 610 951 686 quantum
968 611 1041 674 tuln
1051 613 1077 656 ¹⁹
1091 613 1217 689 posset,

107 725 333 789 progressum
363 707 456 789 prius
489 707 640 788 recipere
663 725 739 770 seso
763 706 925 788 jusserat,
954 725 1054 790 quam
1078 709 1112 771 in
1138 727 1217 772 oon-

105 815 271 891 speetum
284 808 434 874 hostium
449 810 583 877 veniret.
629 806 664 871 N
666 806 802 884 umidae,
825 807 884 870 ulii
910 814 1013 890 atque
1028 808 1086 872 alii
1101 827 1217 874 oecur-

107 918 233 978 sontes
246 909 537 992 refugientesque·
548 909 592 973 ad
614 915 726 977 eastra
753 927 857 990 prope
873 910 985 991 ipsum
1006 927 1083 974 oum
1098 910 1217 992 latiga-

107 1011 210 1077 tioue
223 1031 386 1094 equorum
402 1020 506 1094 atque
520 1011 697 1076 hominum
711 1019 924 1092 pertraxere..
946 1010 1032 1075 Inde
1049 1011 1216 1088 Carthalo,

107 1131 224 1194 penes
236 1133 335 1196 quem
350 1133 483 1178 summa
498 1113 664 1196 equestris
674 1113 809 1194 imperii
826 1118 910 1190 erat,
925 1111 1101 1180 concitatis
1117 1113 1215 1195 equis

108 1215 289 1292 invectus,
302 1233 377 1278 eum
393 1215 497 1298 prins,
516 1233 617 1298 quam
633 1213 676 1278 od
693 1214 881 1298 conjectum
903 1213 959 1280 teli
973 1213 1111 1290 veniret,
1126 1233 1218 1278 aver·

110 1315 379 1393 tisselhostem,‘
387 1317 536 1400 quinque
547 1317 656 1380 millia
665 1316 769 1380 ferme
779 1315 960 1380 continenti
973 1335 1070 1381 eursu
1082 1323 1217 1380 secutos

112 1421 174 1479 est
188 1416 367 1497 fugientes.
413 1416 602 1494 Mancinus,
626 1424 803 1500 postquam
825 1436 886 1482 neo
910 1417 1041 1482 hostem
1054 1417 1216 1482 desistere

113 1519 231 1600 sequi,
251 1537 315 1580 neo
337 1537 433 1599 spem
453 1518 536 1582 uidit
557 1518 737 1600 effugiendi
763 1538 853 1595 esse,
878 1519 1073 1583 cohortatus
1089 1539 1169 1584 suos
1184 1520 1217 1582 in

113 1619 278 1698 proelium
301 1618 413 1690 rediit,
435 1620 529 1685 omni
545 1625 639 1702 porte
652 1620 774 1684 virium
794 1621 911 1704 impar.
956 1618 1075 1701 Itaque
1092 1618 1166 1702 ipse
1179 1625 1217 1684 et

112 1719 238 1782 delecti
252 1720 400 1802 equitum
416 1721 631 1784 circumventi
644 1721 855 1786 occiduntur.
899 1718 1013 1784 Ceteri
1026 1719 1132 1784 effuso
1148 1740 1215 1790 rur-

113 1839 178 1884 sus
192 1839 292 1884 eurso
308 1820 407 1887 Gales
420 1821 572 1904 primurn,
594 1820 673 1884 inde
685 1839 791 1904 prope
806 1821 906 1884 inviis
922 1819 1067 1884 callibus
1090 1819 1132 1884 od
1147 1821 1217 1886 dic·

112 1929 262 1986 tatoretn
283 1921 510 2003 perfugerant.
536 1922 606 1986 ,Εο
620 1921 705 1986 forte
721 1921 777 1985 dio
793 1921 967 1986 Minucius
994 1941 1031 1986 ae
1055 1923 1216 2006 oonJ’unx-

114 2031 194 2087 erat
219 2021 341 2099 Fabio,
368 2023 491 2087 missos
513 2024 558 2088 ad
584 2023 781 2090 firmandum
806 2023 965 2105 presidio
991 2025 1127 2101 saltum,
1158 2025 1218 2106 qui

114 2142 224 2206 snper
236 2123 467 2201 Tamaoinam,
481 2127 517 2189 in
530 2132 642 2190 aretas
657 2133 800 2190 coactus
813 2125 944 2204 fauces,
960 2126 1107 2190 imminet
1120 2126 1216 2202 mari,

114 2245 161 2291 ne
174 2227 351 2289 immunito
363 2223 490 2309 Appiee
515 2227 624 2290 limite
637 2224 685 2263 ²⁰¹²
707 2226 835 2291 Poenus
860 2228 1035 2310 pervenire
1051 2228 1086 2290 in
1101 2245 1217 2308 ugrum

116 2327 313 2390 Romanum
329 2333 453 2409 posset.
497 2325 694 2412 Coniunctis
716 2328 919 2393 exercitibus
935 2328 1133 2392 dictaturae
1147 2346 1218 2392 ma*

118 2432 222 2510 gister
231 2427 378 2511 equitum
392 2432 503 2495 eastre
516 2429 553 2492 in
567 2431 657 2496 viam
672 2429 838 2507 deterunt,
858 2448 927 2515 qun
948 2428 1122 2494 Hannibal
1137 2428 1217 2496 duo-

118 2537 219 2594 torus
235 2536 318 2592 erat.
362 2529 441 2594 Duo
455 2530 531 2593 inde
546 2530 648 2595 millia
663 2529 777 2594 hostes
789 2531 938 2596 aberant.

161 2632 217 2695 16.
241 2631 385 2695 Postero
402 2632 456 2695 die
473 2630 586 2710 Poeni,
611 2631 701 2714 quod
726 2633 791 2696 viee
814 2630 899 2695 inter
914 2631 993 2696 bina
1009 2637 1121 2696 castro
1135 2637 1217 2708 erat,

120 2733 255 2813 agmine
270 2733 490 2815 complevere.
534 2733 619 2797 Gom
641 2733 789 2797 Romani
812 2735 874 2798 sub
898 2735 974 2815 ipso
990 2733 1218 2796 constitissent

119 2832 227 2910 vallo,
253 2833 343 2896 haud
366 2834 467 2897 dubie
490 2834 638 2915 aeqoiore
661 2834 753 2909 loeo,
778 2836 943 2896 successit
963 2841 1073 2895 tamen
1089 2831 1219 2894 Poenus

118 2955 197 2999 oum
224 2934 395 3017 expeditis
419 2935 612 3016 equitibus,¹
639 2941 740 3016 atque
767 2932 812 2997 ad
833 2931 1065 2996 lacessendum
1085 2933 1218 2996 hostem

148 3114 167 3157 s
179 3115 273 3164 Statim
285 3114 389 3163 Hostilii
400 3114 511 3163 Martini
520 3112 626 3162 orimum
635 3109 726 3160 iurum
736 3112 807 3160 ortior
817 3111 918 3160 ineundi
927 3111 1071 3160 cutnolrrir.

153 3187 168 3222 ¹
186 3179 308 3228 &nouos
318 3179 344 3227 iu
350 3180 439 3240 sugam
449 3180 568 3228 uatium.

580 3289 765 3326 mambae

119 3407 253 3469 ploraturus
268 3419 306 3453 reu
318 3405 396 3454 rehtu
411 3405 559 3454 rato-re
577 3403 619 3455 ΑΙ.
631 3404 760 3454 Falernis
773 3401 789 3449 α’
801 3401 921 3463 Comperto
931 3413 989 3462 agro
999 3399 1162 3451 uirtute-ru
1179 3399 1221 3453 ΑΙ.

121 3473 164 3533 qui
173 3485 246 3532 puori
257 3474 317 3517 tuto.
350 3470 411 3519 Put.
426 3473 567 3531 qum-uti
583 3472 591 3498 ‘
602 3469 636 3518 Iu
647 3469 751 3531 optimis
761 3467 827 3516 Mus.
838 3479 876 3514 mr
885 3465 1026 3516 «unauna
1036 3467 1125 3516 Porrus
1135 3465 1221 3528 Appio

122 3536 215 3584 limite:
238 3533 311 3582 uude
321 3533 402 3583 Gron.
418 3534 551 3596 ingenious
567 3533 638 3597 conj.
655 3547 685 3583 ne
699 3531 729 3579 ni
745 3529 858 3580 Sinuessa
872 3530 961 3580 Poeruu
975 3530 1060 3594 Appio
1073 3530 1148 3580 lirrite
1162 3531 1222 3580 eet!

125 3599 338 3723 Rfficpeutro
352 3661 513 3725 equitibusque
529 3660 625 3712 rectior
640 3659 709 3710 forts
718 3659 818 3723 ‚optimi
833 3655 899 3710 Mur.
914 3658 985 3724 prob.
999 3657 1105 3708 Stroth!
1120 3659 1223 3722 Rupert-

625 3802 734 3858 Nom

157 3907 228 3956 *Ne
246 3905 372 3954 multo
392 3905 479 3968 Appio
501 3904 589 3966 limite]
607 3903 654 3953 Via
696 3919 754 3969 quae
766 3915 845 3965 sopra
857 3895 1223 3961 Tarracinampruridiiuiio·

125 3984 214 4046 Appio
228 3981 261 4030 ab
281 3981 346 4030 orbe
366 3995 413 4043 per
431 3980 498 4030 Lutii
518 3981 654 4041 maritima,
695 3993 830 4029 ruuoornm
842 3983 981 4038 occupatur
994 3973 1083 4029 ioirue,
1102 3987 1135 4022 rte
1150 3975 1171 4022 ri
1182 3975 1223 4024 iric

124 4059 284 4116 Sinuessam,
302 4062 332 4104 et
347 4055 378 4104 iu
393 4055 578 4118 Campaniam
594 4055 656 4104 inde
696 4054 746 4104 riur
758 4053 850 4115 Appiae
860 4052 942 4108 timer,
959 4051 1003 4115 qui
1020 4050 1184 4100 Tarracinam
1195 4060 1223 4103 et

62 4149 67 4157 ·
126 4135 153 4181 iu
168 4121 290 4196 Apuliam
302 4131 511 4180 etBroodurium
520 4131 655 4194 usquedu-
696 4130 844 4178 Sinuessam
865 4126 1011 4190 interjacet,
1028 4133 1135 4190 apertus
1154 4127 1223 4178 lrosti

130 4208 217 4258 eruut.
241 4207 404 4272 vultitaque
420 4207 505 4258 livior
518 4206 656 4271 rnpnrtiur,
696 4211 824 4268 muneret,
835 4211 912 4269 utque
921 4202 1052 4256 Hannibal
1071 4218 1185 4268 pereum
1197 4205 1224 4254 lu
