<?xml version="1.0" encoding="UTF-8"?>
<!DOCTYPE html PUBLIC "-//W3C//DTD XHTML 1.0 Transitional//EN"
    "http://www.w3.org/TR/xhtml1/DTD/xhtml1-transitional.dtd">
<html xmlns="http://www.w3.org/1999/xhtml" xml:lang="en" lang="en">
 <head>
  <title>
</title>
<meta http-equiv="Content-Type" content="text/html;charset=utf-8" />
  <meta name='ocr-system' content='tesseract 3.04.00' />
  <meta name='ocr-capabilities' content='ocr_page ocr_carea ocr_par ocr_line ocrx_word'/>
</head>
<body>
  <div class='ocr_page' id='page_1' title='image "./tliviipatavinih00unkngoog/tliviipatavinih00unkngoog_0625.png"; bbox 0 0 2917 4767; ppageno 0'>
   <div class='ocr_carea' id='block_1_1' title="bbox 475 395 1203 463">
    <p class='ocr_par' dir='ltr' id='par_1_1' title="bbox 475 395 1203 463">
     <span class='ocr_line' id='line_1_1' title="bbox 475 395 1203 463; baseline -0.003 0"><span class='ocrx_word' id='word_1_1' title='bbox 475 416 545 463; x_wconf 80' lang='grc' dir='ltr'>ιιι.</span> <span class='ocrx_word' id='word_1_2' title='bbox 569 412 683 462; x_wconf 84' lang='lat' dir='ltr'><strong>xxrv.</strong></span> <span class='ocrx_word' id='word_1_3' title='bbox 705 411 789 462; x_wconf 72' lang='lat' dir='ltr'><strong>cnr.</strong></span> <span class='ocrx_word' id='word_1_4' title='bbox 810 395 843 461; x_wconf 78' lang='grc'><strong>8.</strong></span> <span class='ocrx_word' id='word_1_5' title='bbox 1117 396 1203 462; x_wconf 81' lang='lat'>2001</span> 
     </span>
    </p>
   </div>
   <div class='ocr_carea' id='block_1_2' title="bbox 69 554 1222 3077">
    <p class='ocr_par' dir='ltr' id='par_1_2' title="bbox 69 554 1222 3077">
     <span class='ocr_line' id='line_1_2' title="bbox 69 554 1204 640; baseline -0.002 -17"><span class='ocrx_word' id='word_1_6' title='bbox 69 558 401 637; x_wconf 79' lang='lat' dir='ltr'><strong>Quemadmodum</strong></span> <span class='ocrx_word' id='word_1_7' title='bbox 415 556 550 639; x_wconf 78' lang='lat' dir='ltr'><strong>pedites</strong></span> <span class='ocrx_word' id='word_1_8' title='bbox 563 557 766 640; x_wconf 73' lang='lat' dir='ltr'><strong>equitesque</strong></span> <span class='ocrx_word' id='word_1_9' title='bbox 781 562 949 638; x_wconf 88' lang='lat' dir='ltr'><strong>optamus,</strong></span> <span class='ocrx_word' id='word_1_10' title='bbox 962 554 1204 635; x_wconf 83' lang='lat' dir='ltr'><strong>utralidiorcs,</strong></span> 
     </span>
     <span class='ocr_line' id='line_1_3' title="bbox 70 657 1206 744; baseline -0.003 -18"><span class='ocrx_word' id='word_1_11' title='bbox 70 665 103 726; x_wconf 91' lang='lat' dir='ltr'><strong>si</strong></span> <span class='ocrx_word' id='word_1_12' title='bbox 129 664 276 740; x_wconf 88' lang='lat' dir='ltr'><strong>minus,</strong></span> <span class='ocrx_word' id='word_1_13' title='bbox 295 670 341 727; x_wconf 91' lang='lat' dir='ltr'><strong>nt</strong></span> <span class='ocrx_word' id='word_1_14' title='bbox 361 679 461 744; x_wconf 84' lang='lat' dir='ltr'><strong>pares</strong></span> <span class='ocrx_word' id='word_1_15' title='bbox 480 658 571 723; x_wconf 88' lang='lat' dir='ltr'><strong>hosti</strong></span> <span class='ocrx_word' id='word_1_16' title='bbox 588 659 797 723; x_wconf 87' lang='lat' dir='ltr'><strong>babeamus:</strong></span> <span class='ocrx_word' id='word_1_17' title='bbox 820 657 867 721; x_wconf 86' lang='lat' dir='ltr'><strong>ita</strong></span> <span class='ocrx_word' id='word_1_18' title='bbox 882 657 959 721; x_wconf 88' lang='lat' dir='ltr'><strong>duci</strong></span> <span class='ocrx_word' id='word_1_19' title='bbox 973 657 1122 722; x_wconf 90' lang='lat' dir='ltr'><strong>bostium</strong></span> <span class='ocrx_word' id='word_1_20' title='bbox 1146 678 1206 742; x_wconf 88' lang='lat' dir='ltr'><strong>pa-</strong></span> 
     </span>
     <span class='ocr_line' id='line_1_4' title="bbox 70 758 1207 847; baseline -0.003 -21"><span class='ocrx_word' id='word_1_21' title='bbox 70 782 148 827; x_wconf 86' lang='lat' dir='ltr'><strong>rem</strong></span> <span class='ocrx_word' id='word_1_22' title='bbox 180 766 445 847; x_wconf 84' lang='lat' dir='ltr'><strong>imperatorem</strong></span> <span class='ocrx_word' id='word_1_23' title='bbox 467 777 670 844; x_wconf 76' lang='lat' dir='ltr'><strong>quaeramus.</strong></span> <span class='ocrx_word' id='word_1_24' title='bbox 713 758 811 836; x_wconf 85' lang='lat' dir='ltr'><strong>Cum,</strong></span> <span class='ocrx_word' id='word_1_25' title='bbox 836 760 894 841; x_wconf 90' lang='lat' dir='ltr'><strong>qui</strong></span> <span class='ocrx_word' id='word_1_26' title='bbox 921 766 975 823; x_wconf 90' lang='lat' dir='ltr'><strong>est</strong></span> <span class='ocrx_word' id='word_1_27' title='bbox 1004 779 1151 824; x_wconf 87' lang='lat' dir='ltr'><strong>summus</strong></span> <span class='ocrx_word' id='word_1_28' title='bbox 1171 760 1207 823; x_wconf 90' lang='lat' dir='ltr'><strong>in</strong></span> 
     </span>
     <span class='ocr_line' id='line_1_5' title="bbox 71 862 1207 945; baseline -0.003 -16"><span class='ocrx_word' id='word_1_29' title='bbox 71 868 231 931; x_wconf 85' lang='lat' dir='ltr'><strong>civitate</strong></span> <span class='ocrx_word' id='word_1_30' title='bbox 261 866 358 942; x_wconf 86' lang='lat' dir='ltr'><strong>dux,</strong></span> <span class='ocrx_word' id='word_1_31' title='bbox 381 884 457 929; x_wconf 86' lang='lat' dir='ltr'><strong>eum</strong></span> <span class='ocrx_word' id='word_1_32' title='bbox 478 863 677 945; x_wconf 72' lang='lat' dir='ltr'><strong>legerimus3</strong></span> <span class='ocrx_word' id='word_1_33' title='bbox 698 868 848 925; x_wconf 77' lang='lat' dir='ltr'><strong>tamen¹⁴</strong></span> <span class='ocrx_word' id='word_1_34' title='bbox 872 868 1006 945; x_wconf 85' lang='lat' dir='ltr'><strong>repente</strong></span> <span class='ocrx_word' id='word_1_35' title='bbox 1025 862 1146 941; x_wconf 83' lang='lat' dir='ltr'><strong>lectus,</strong></span> <span class='ocrx_word' id='word_1_36' title='bbox 1171 864 1207 926; x_wconf 88' lang='lat' dir='ltr'><strong>in</strong></span> 
     </span>
     <span class='ocr_line' id='line_1_6' title="bbox 74 962 1207 1047; baseline -0.001 -18"><span class='ocrx_word' id='word_1_37' title='bbox 74 984 214 1030; x_wconf 89' lang='lat' dir='ltr'><strong>annum</strong></span> <span class='ocrx_word' id='word_1_38' title='bbox 232 976 395 1043; x_wconf 85' lang='lat' dir='ltr'><strong>creatus,</strong></span> <span class='ocrx_word' id='word_1_39' title='bbox 410 966 571 1031; x_wconf 85' lang='lat' dir='ltr'><strong>adversus</strong></span> <span class='ocrx_word' id='word_1_40' title='bbox 590 970 735 1029; x_wconf 83' lang='lat' dir='ltr'><strong>veterem</strong></span> <span class='ocrx_word' id='word_1_41' title='bbox 758 984 799 1027; x_wconf 90' lang='lat' dir='ltr'><strong>ac</strong></span> <span class='ocrx_word' id='word_1_42' title='bbox 819 969 1015 1047; x_wconf 86' lang='lat' dir='ltr'><strong>perpetuum</strong></span> <span class='ocrx_word' id='word_1_43' title='bbox 1029 962 1207 1045; x_wconf 88' lang='lat' dir='ltr'><strong>imperato·</strong></span> 
     </span>
     <span class='ocr_line' id='line_1_7' title="bbox 75 1065 1210 1153; baseline -0.002 -22"><span class='ocrx_word' id='word_1_44' title='bbox 75 1088 152 1131; x_wconf 87' lang='lat' dir='ltr'><strong>rem</strong></span> <span class='ocrx_word' id='word_1_45' title='bbox 177 1068 465 1153; x_wconf 84' lang='lat' dir='ltr'><strong>comparabitur,</strong></span> <span class='ocrx_word' id='word_1_46' title='bbox 480 1067 579 1132; x_wconf 87' lang='lat' dir='ltr'><strong>nullis</strong></span> <span class='ocrx_word' id='word_1_47' title='bbox 601 1087 710 1152; x_wconf 87' lang='lat' dir='ltr'><strong>neque</strong></span> <span class='ocrx_word' id='word_1_48' title='bbox 734 1066 908 1149; x_wconf 86' lang='lat' dir='ltr'><strong>temporis,</strong></span> <span class='ocrx_word' id='word_1_49' title='bbox 928 1084 1035 1149; x_wconf 86' lang='lat' dir='ltr'><strong>neque</strong></span> <span class='ocrx_word' id='word_1_50' title='bbox 1054 1065 1140 1149; x_wconf 89' lang='lat' dir='ltr'><strong>juris</strong></span> <span class='ocrx_word' id='word_1_51' title='bbox 1159 1066 1210 1129; x_wconf 89' lang='lat' dir='ltr'><strong>in·</strong></span> 
     </span>
     <span class='ocr_line' id='line_1_8' title="bbox 77 1166 1209 1255; baseline 0 -23"><span class='ocrx_word' id='word_1_52' title='bbox 77 1169 230 1234; x_wconf 86' lang='lat' dir='ltr'><strong>clusum</strong></span> <span class='ocrx_word' id='word_1_53' title='bbox 253 1170 439 1255; x_wconf 74' lang='lat' dir='ltr'><strong>angustiis,</strong></span> <span class='ocrx_word' id='word_1_54' title='bbox 459 1188 526 1253; x_wconf 91' lang='lat' dir='ltr'><strong>quo</strong></span> <span class='ocrx_word' id='word_1_55' title='bbox 540 1170 653 1233; x_wconf 88' lang='lat' dir='ltr'><strong>miuus</strong></span> <span class='ocrx_word' id='word_1_56' title='bbox 675 1172 725 1233; x_wconf 87' lang='lat' dir='ltr'><strong>ita</strong></span> <span class='ocrx_word' id='word_1_57' title='bbox 747 1168 861 1232; x_wconf 85' lang='lat' dir='ltr'><strong>omnia</strong></span> <span class='ocrx_word' id='word_1_58' title='bbox 876 1172 970 1249; x_wconf 81' lang='lat' dir='ltr'><strong>gerat</strong></span> <span class='ocrx_word' id='word_1_59' title='bbox 985 1166 1209 1232; x_wconf 88' lang='lat' dir='ltr'><strong>administret-</strong></span> 
     </span>
     <span class='ocr_line' id='line_1_9' title="bbox 80 1268 1209 1357; baseline -0.001 -22"><span class='ocrx_word' id='word_1_60' title='bbox 80 1290 165 1355; x_wconf 90' lang='lat' dir='ltr'><strong>que,</strong></span> <span class='ocrx_word' id='word_1_61' title='bbox 183 1277 228 1337; x_wconf 89' lang='lat' dir='ltr'><strong>nt</strong></span> <span class='ocrx_word' id='word_1_62' title='bbox 251 1280 416 1357; x_wconf 82' lang='lat' dir='ltr'><strong>tempora</strong></span> <span class='ocrx_word' id='word_1_63' title='bbox 436 1271 657 1355; x_wconf 87' lang='lat' dir='ltr'><strong>postulabunt</strong></span> <span class='ocrx_word' id='word_1_64' title='bbox 673 1270 792 1334; x_wconf 72' lang='lat' dir='ltr'><strong>belli.¹³</strong></span> <span class='ocrx_word' id='word_1_65' title='bbox 838 1268 949 1333; x_wconf 87' lang='lat' dir='ltr'><strong>Nobis</strong></span> <span class='ocrx_word' id='word_1_66' title='bbox 970 1276 1084 1333; x_wconf 88' lang='lat' dir='ltr'><strong>autem</strong></span> <span class='ocrx_word' id='word_1_67' title='bbox 1099 1268 1133 1334; x_wconf 92' lang='lat' dir='ltr'><strong>iu</strong></span> <span class='ocrx_word' id='word_1_68' title='bbox 1149 1288 1209 1354; x_wconf 88' lang='lat' dir='ltr'><strong>ap-</strong></span> 
     </span>
     <span class='ocr_line' id='line_1_10' title="bbox 81 1368 1212 1457; baseline 0 -21"><span class='ocrx_word' id='word_1_69' title='bbox 81 1378 219 1455; x_wconf 87' lang='lat' dir='ltr'><strong>paratu</strong></span> <span class='ocrx_word' id='word_1_70' title='bbox 237 1374 338 1457; x_wconf 87' lang='lat' dir='ltr'><strong>ipso,</strong></span> <span class='ocrx_word' id='word_1_71' title='bbox 352 1394 395 1438; x_wconf 88' lang='lat' dir='ltr'><strong>ac</strong></span> <span class='ocrx_word' id='word_1_72' title='bbox 414 1380 543 1438; x_wconf 88' lang='lat' dir='ltr'><strong>tantum</strong></span> <span class='ocrx_word' id='word_1_73' title='bbox 562 1370 799 1438; x_wconf 80' lang='lat' dir='ltr'><strong>inchoantibus</strong></span> <span class='ocrx_word' id='word_1_74' title='bbox 809 1368 835 1409; x_wconf 90' lang='lat'><strong>¹⁶</strong></span> <span class='ocrx_word' id='word_1_75' title='bbox 849 1389 912 1447; x_wconf 89' lang='lat' dir='ltr'><strong>res,</strong></span> <span class='ocrx_word' id='word_1_76' title='bbox 927 1389 1033 1435; x_wconf 84' lang='lat' dir='ltr'><strong>annus</strong></span> <span class='ocrx_word' id='word_1_77' title='bbox 1049 1370 1212 1436; x_wconf 85' lang='lat' dir='ltr'><strong>circuma-</strong></span> 
     </span>
     <span class='ocr_line' id='line_1_11' title="bbox 84 1470 1211 1559; baseline 0.004 -23"><span class='ocrx_word' id='word_1_78' title='bbox 84 1475 193 1555; x_wconf 81' lang='lat' dir='ltr'><strong>gitur.</strong></span> <span class='ocrx_word' id='word_1_79' title='bbox 245 1475 437 1555; x_wconf 80' lang='lat' dir='ltr'><strong>Quoniam,</strong></span> <span class='ocrx_word' id='word_1_80' title='bbox 457 1477 578 1559; x_wconf 90' lang='lat' dir='ltr'><strong>quales</strong></span> <span class='ocrx_word' id='word_1_81' title='bbox 593 1475 682 1538; x_wconf 84' lang='lat' dir='ltr'><strong>viros</strong></span> <span class='ocrx_word' id='word_1_82' title='bbox 694 1491 809 1537; x_wconf 88' lang='lat' dir='ltr'><strong>creare</strong></span> <span class='ocrx_word' id='word_1_83' title='bbox 825 1491 889 1537; x_wconf 85' lang='lat' dir='ltr'><strong>vos</strong></span> <span class='ocrx_word' id='word_1_84' title='bbox 902 1470 1060 1536; x_wconf 89' lang='lat' dir='ltr'><strong>consules</strong></span> <span class='ocrx_word' id='word_1_85' title='bbox 1078 1472 1211 1553; x_wconf 85' lang='lat' dir='ltr'><strong>deceat,</strong></span> 
     </span>
     <span class='ocr_line' id='line_1_12' title="bbox 86 1573 1210 1658; baseline 0.002 -22"><span class='ocrx_word' id='word_1_86' title='bbox 86 1576 182 1639; x_wconf 85' lang='lat' dir='ltr'><strong>satis</strong></span> <span class='ocrx_word' id='word_1_87' title='bbox 200 1584 267 1641; x_wconf 87' lang='lat' dir='ltr'><strong>est</strong></span> <span class='ocrx_word' id='word_1_88' title='bbox 283 1576 434 1657; x_wconf 81' lang='lat' dir='ltr'><strong>dictum3</strong></span> <span class='ocrx_word' id='word_1_89' title='bbox 457 1581 563 1641; x_wconf 88' lang='lat' dir='ltr'><strong>restat</strong></span> <span class='ocrx_word' id='word_1_90' title='bbox 581 1582 619 1639; x_wconf 91' lang='lat' dir='ltr'><strong>nt</strong></span> <span class='ocrx_word' id='word_1_91' title='bbox 641 1593 755 1658; x_wconf 88' lang='lat' dir='ltr'><strong>pauca</strong></span> <span class='ocrx_word' id='word_1_92' title='bbox 776 1573 819 1638; x_wconf 90' lang='lat' dir='ltr'><strong>de</strong></span> <span class='ocrx_word' id='word_1_93' title='bbox 839 1575 901 1649; x_wconf 87' lang='lat' dir='ltr'><strong>eis,</strong></span> <span class='ocrx_word' id='word_1_94' title='bbox 919 1575 954 1637; x_wconf 91' lang='lat' dir='ltr'><strong>in</strong></span> <span class='ocrx_word' id='word_1_95' title='bbox 978 1593 1065 1656; x_wconf 88' lang='lat' dir='ltr'><strong>qnos</strong></span> <span class='ocrx_word' id='word_1_96' title='bbox 1085 1592 1210 1658; x_wconf 78' lang='lat' dir='ltr'><strong>praeru·</strong></span> 
     </span>
     <span class='ocr_line' id='line_1_13' title="bbox 89 1674 1212 1757; baseline 0 -18"><span class='ocrx_word' id='word_1_97' title='bbox 89 1678 229 1757; x_wconf 75' lang='lat' dir='ltr'><strong>gativae</strong></span> <span class='ocrx_word' id='word_1_98' title='bbox 262 1678 362 1744; x_wconf 77' lang='lat' dir='ltr'><strong>favor</strong></span> <span class='ocrx_word' id='word_1_99' title='bbox 389 1678 584 1755; x_wconf 82' lang='lat' dir='ltr'><strong>inclinavit,&#39;</strong></span> <span class='ocrx_word' id='word_1_100' title='bbox 609 1677 730 1743; x_wconf 85' lang='lat' dir='ltr'><strong>dicam.</strong></span> <span class='ocrx_word' id='word_1_101' title='bbox 790 1674 839 1739; x_wconf 87' lang='grc' dir='ltr'><strong>Μ.</strong></span> <span class='ocrx_word' id='word_1_102' title='bbox 868 1675 1028 1739; x_wconf 84' lang='lat' dir='ltr'><strong>AEmilins</strong></span> <span class='ocrx_word' id='word_1_103' title='bbox 1057 1675 1212 1757; x_wconf 73' lang='lat' dir='ltr'><strong>Regillus</strong></span> 
     </span>
     <span class='ocr_line' id='line_1_14' title="bbox 90 1776 1213 1863; baseline 0.001 -23"><span class='ocrx_word' id='word_1_104' title='bbox 90 1777 227 1844; x_wconf 83' lang='lat' dir='ltr'><strong>flamen</strong></span> <span class='ocrx_word' id='word_1_105' title='bbox 245 1788 306 1844; x_wconf 88' lang='lat' dir='ltr'><strong>est</strong></span> <span class='ocrx_word' id='word_1_106' title='bbox 318 1779 519 1859; x_wconf 81' lang='lat' dir='ltr'><strong>Quirinalis,</strong></span> <span class='ocrx_word' id='word_1_107' title='bbox 530 1798 630 1863; x_wconf 87' lang='lat' dir='ltr'><strong>quem</strong></span> <span class='ocrx_word' id='word_1_108' title='bbox 642 1798 750 1862; x_wconf 88' lang='lat' dir='ltr'><strong>neque</strong></span> <span class='ocrx_word' id='word_1_109' title='bbox 764 1777 894 1841; x_wconf 87' lang='lat' dir='ltr'><strong>mittere</strong></span> <span class='ocrx_word' id='word_1_110' title='bbox 905 1778 949 1840; x_wconf 91' lang='lat' dir='ltr'><strong>ab</strong></span> <span class='ocrx_word' id='word_1_111' title='bbox 961 1776 1093 1853; x_wconf 79' lang='lat' dir='ltr'><strong>sacris‚‘¹</strong></span> <span class='ocrx_word' id='word_1_112' title='bbox 1106 1795 1213 1858; x_wconf 86' lang='lat' dir='ltr'><strong>neque</strong></span> 
     </span>
     <span class='ocr_line' id='line_1_15' title="bbox 94 1879 1212 1961; baseline 0 -20"><span class='ocrx_word' id='word_1_113' title='bbox 94 1882 256 1946; x_wconf 86' lang='lat' dir='ltr'><strong>retinere</strong></span> <span class='ocrx_word' id='word_1_114' title='bbox 280 1898 477 1961; x_wconf 87' lang='lat' dir='ltr'><strong>possumus,</strong></span> <span class='ocrx_word' id='word_1_115' title='bbox 492 1889 532 1945; x_wconf 91' lang='lat' dir='ltr'><strong>nt</strong></span> <span class='ocrx_word' id='word_1_116' title='bbox 552 1900 620 1945; x_wconf 88' lang='lat' dir='ltr'><strong>non</strong></span> <span class='ocrx_word' id='word_1_117' title='bbox 640 1880 749 1945; x_wconf 87' lang='lat' dir='ltr'><strong>Deum</strong></span> <span class='ocrx_word' id='word_1_118' title='bbox 765 1886 825 1944; x_wconf 89' lang='lat' dir='ltr'><strong>ant</strong></span> <span class='ocrx_word' id='word_1_119' title='bbox 844 1879 926 1943; x_wconf 88' lang='lat' dir='ltr'><strong>belli</strong></span> <span class='ocrx_word' id='word_1_120' title='bbox 947 1879 1140 1943; x_wconf 86' lang='lat' dir='ltr'><strong>deseramus</strong></span> <span class='ocrx_word' id='word_1_121' title='bbox 1155 1896 1212 1942; x_wconf 86' lang='lat' dir='ltr'><strong>cu·</strong></span> 
     </span>
     <span class='ocr_line' id='line_1_16' title="bbox 95 1982 1215 2063; baseline 0.002 -22"><span class='ocrx_word' id='word_1_122' title='bbox 95 1998 183 2044; x_wconf 89' lang='lat' dir='ltr'><strong>ram.</strong></span> <span class='ocrx_word' id='word_1_123' title='bbox 234 1982 414 2047; x_wconf 73' lang='lat' dir='ltr'><strong>Otacilius</strong></span> <span class='ocrx_word' id='word_1_124' title='bbox 438 1984 563 2048; x_wconf 90' lang='lat' dir='ltr'><strong>sororis</strong></span> <span class='ocrx_word' id='word_1_125' title='bbox 584 2002 668 2048; x_wconf 76' lang='lat' dir='ltr'><strong>mea</strong></span> <span class='ocrx_word' id='word_1_126' title='bbox 693 1982 797 2046; x_wconf 84' lang='lat' dir='ltr'><strong>tilium</strong></span> <span class='ocrx_word' id='word_1_127' title='bbox 821 1999 963 2045; x_wconf 84' lang='lat' dir='ltr'><strong>uxorem</strong></span> <span class='ocrx_word' id='word_1_128' title='bbox 987 1986 1087 2063; x_wconf 86' lang='lat' dir='ltr'><strong>atque</strong></span> <span class='ocrx_word' id='word_1_129' title='bbox 1105 1998 1149 2043; x_wconf 86' lang='lat' dir='ltr'><strong>ex</strong></span> <span class='ocrx_word' id='word_1_130' title='bbox 1173 1999 1215 2044; x_wconf 86' lang='lat' dir='ltr'><strong>ca</strong></span> 
     </span>
     <span class='ocr_line' id='line_1_17' title="bbox 99 2078 1213 2166; baseline 0.004 -26"><span class='ocrx_word' id='word_1_131' title='bbox 99 2078 236 2145; x_wconf 90' lang='lat' dir='ltr'><strong>liberos</strong></span> <span class='ocrx_word' id='word_1_132' title='bbox 252 2082 396 2147; x_wconf 87' lang='lat' dir='ltr'><strong>habet.¹⁷</strong></span> <span class='ocrx_word' id='word_1_133' title='bbox 440 2080 594 2147; x_wconf 82' lang='lat' dir='ltr'><strong>Ceterum</strong></span> <span class='ocrx_word' id='word_1_134' title='bbox 613 2103 679 2148; x_wconf 89' lang='lat' dir='ltr'><strong>non</strong></span> <span class='ocrx_word' id='word_1_135' title='bbox 703 2103 744 2148; x_wconf 86' lang='lat' dir='ltr'><strong>ea</strong></span> <span class='ocrx_word' id='word_1_136' title='bbox 760 2090 870 2147; x_wconf 85' lang='lat' dir='ltr'><strong>vestra</strong></span> <span class='ocrx_word' id='word_1_137' title='bbox 883 2082 917 2145; x_wconf 91' lang='lat' dir='ltr'><strong>in</strong></span> <span class='ocrx_word' id='word_1_138' title='bbox 932 2100 986 2144; x_wconf 89' lang='lat' dir='ltr'><strong>me</strong></span> <span class='ocrx_word' id='word_1_139' title='bbox 1001 2081 1213 2166; x_wconf 85' lang='lat' dir='ltr'><strong>majoresque</strong></span> 
     </span>
     <span class='ocr_line' id='line_1_18' title="bbox 99 2181 1215 2266; baseline 0.003 -23"><span class='ocrx_word' id='word_1_140' title='bbox 99 2200 205 2245; x_wconf 84' lang='lat' dir='ltr'><strong>meos</strong></span> <span class='ocrx_word' id='word_1_141' title='bbox 222 2185 348 2247; x_wconf 87' lang='lat' dir='ltr'><strong>merita</strong></span> <span class='ocrx_word' id='word_1_142' title='bbox 363 2191 465 2266; x_wconf 70' lang='lat' dir='ltr'><strong>sunt:</strong></span> <span class='ocrx_word' id='word_1_143' title='bbox 479 2190 518 2247; x_wconf 93' lang='lat' dir='ltr'><strong>nt</strong></span> <span class='ocrx_word' id='word_1_144' title='bbox 532 2200 600 2245; x_wconf 94' lang='lat' dir='ltr'><strong>non</strong></span> <span class='ocrx_word' id='word_1_145' title='bbox 616 2182 777 2265; x_wconf 88' lang='lat' dir='ltr'><strong>potiorem</strong></span> <span class='ocrx_word' id='word_1_146' title='bbox 802 2182 944 2264; x_wconf 86' lang='lat' dir='ltr'><strong>privatis</strong></span> <span class='ocrx_word' id='word_1_147' title='bbox 959 2181 1215 2246; x_wconf 89' lang='lat' dir='ltr'><strong>necessitudini·</strong></span> 
     </span>
     <span class='ocr_line' id='line_1_19' title="bbox 104 2283 1217 2367; baseline 0.004 -22"><span class='ocrx_word' id='word_1_148' title='bbox 104 2283 174 2346; x_wconf 89' lang='lat' dir='ltr'><strong>bns</strong></span> <span class='ocrx_word' id='word_1_149' title='bbox 191 2302 267 2347; x_wconf 84' lang='lat' dir='ltr'><strong>rem</strong></span> <span class='ocrx_word' id='word_1_150' title='bbox 284 2284 454 2367; x_wconf 89' lang='lat' dir='ltr'><strong>publicam</strong></span> <span class='ocrx_word' id='word_1_151' title='bbox 468 2284 621 2350; x_wconf 81' lang='lat' dir='ltr'><strong>babeam·</strong></span> <span class='ocrx_word' id='word_1_152' title='bbox 660 2283 817 2362; x_wconf 83' lang='lat' dir='ltr'><strong>Quilibet</strong></span> <span class='ocrx_word' id='word_1_153' title='bbox 831 2290 1010 2347; x_wconf 83' lang='lat' dir='ltr'><strong>nautarum</strong></span> <span class='ocrx_word' id='word_1_154' title='bbox 1027 2284 1217 2349; x_wconf 86' lang='lat' dir='ltr'><strong>vecturum·</strong></span> 
     </span>
     <span class='ocr_line' id='line_1_20' title="bbox 107 2386 1217 2469; baseline 0.005 -23"><span class='ocrx_word' id='word_1_155' title='bbox 107 2401 176 2464; x_wconf 88' lang='lat' dir='ltr'><strong>qne</strong></span> <span class='ocrx_word' id='word_1_156' title='bbox 200 2387 388 2469; x_wconf 84' lang='lat' dir='ltr'><strong>tranquillo</strong></span> <span class='ocrx_word' id='word_1_157' title='bbox 402 2388 486 2450; x_wconf 89' lang='lat' dir='ltr'><strong>mari</strong></span> <span class='ocrx_word' id='word_1_158' title='bbox 501 2388 687 2467; x_wconf 80' lang='lat' dir='ltr'><strong>gubernare</strong></span> <span class='ocrx_word' id='word_1_159' title='bbox 703 2392 837 2468; x_wconf 83' lang='lat' dir='ltr'><strong>putest=</strong></span> <span class='ocrx_word' id='word_1_160' title='bbox 859 2386 918 2450; x_wconf 91' lang='lat' dir='ltr'><strong>ubi</strong></span> <span class='ocrx_word' id='word_1_161' title='bbox 939 2404 1033 2450; x_wconf 80' lang='lat' dir='ltr'><strong>saera</strong></span> <span class='ocrx_word' id='word_1_162' title='bbox 1049 2390 1121 2449; x_wconf 88' lang='lat' dir='ltr'><strong>urta</strong></span> <span class='ocrx_word' id='word_1_163' title='bbox 1136 2390 1217 2451; x_wconf 91' lang='lat' dir='ltr'><strong>tem·</strong></span> 
     </span>
     <span class='ocr_line' id='line_1_21' title="bbox 109 2487 1218 2571; baseline 0.004 -21"><span class='ocrx_word' id='word_1_164' title='bbox 109 2494 236 2567; x_wconf 84' lang='lat' dir='ltr'><strong>pestus</strong></span> <span class='ocrx_word' id='word_1_165' title='bbox 258 2494 314 2551; x_wconf 89' lang='lat' dir='ltr'><strong>est</strong></span> <span class='ocrx_word' id='word_1_166' title='bbox 327 2508 368 2553; x_wconf 87' lang='lat' dir='ltr'><strong>ae</strong></span> <span class='ocrx_word' id='word_1_167' title='bbox 382 2490 519 2553; x_wconf 86' lang='lat' dir='ltr'><strong>turbato</strong></span> <span class='ocrx_word' id='word_1_168' title='bbox 533 2490 615 2553; x_wconf 84' lang='lat' dir='ltr'><strong>mari</strong></span> <span class='ocrx_word' id='word_1_169' title='bbox 626 2489 756 2571; x_wconf 79' lang='lat' dir='ltr'><strong>rapitur</strong></span> <span class='ocrx_word' id='word_1_170' title='bbox 775 2493 875 2552; x_wconf 88' lang='lat' dir='ltr'><strong>vento</strong></span> <span class='ocrx_word' id='word_1_171' title='bbox 894 2487 1082 2559; x_wconf 68' lang='lat' dir='ltr'><strong>uariatum</strong></span> <span class='ocrx_word' id='word_1_172' title='bbox 1099 2488 1170 2553; x_wconf 86' lang='lat' dir='ltr'><strong>viru</strong></span> <span class='ocrx_word' id='word_1_173' title='bbox 1184 2496 1218 2557; x_wconf 88' lang='lat' dir='ltr'><strong>et</strong></span> 
     </span>
     <span class='ocr_line' id='line_1_22' title="bbox 111 2588 1219 2674; baseline 0.005 -24"><span class='ocrx_word' id='word_1_174' title='bbox 111 2589 339 2667; x_wconf 81' lang='lat' dir='ltr'><strong>gubernatore</strong></span> <span class='ocrx_word' id='word_1_175' title='bbox 354 2609 441 2674; x_wconf 87' lang='lat' dir='ltr'><strong>opus</strong></span> <span class='ocrx_word' id='word_1_176' title='bbox 455 2596 520 2654; x_wconf 87' lang='lat' dir='ltr'><strong>est.</strong></span> <span class='ocrx_word' id='word_1_177' title='bbox 564 2588 645 2653; x_wconf 88' lang='lat' dir='ltr'><strong>Non</strong></span> <span class='ocrx_word' id='word_1_178' title='bbox 660 2588 840 2670; x_wconf 88' lang='lat' dir='ltr'><strong>tranquillo</strong></span> <span class='ocrx_word' id='word_1_179' title='bbox 856 2589 1062 2669; x_wconf 80' lang='lat' dir='ltr'><strong>navigamus,</strong></span> <span class='ocrx_word' id='word_1_180' title='bbox 1078 2588 1136 2651; x_wconf 84' lang='lat' dir='ltr'><strong>sed</strong></span> <span class='ocrx_word' id='word_1_181' title='bbox 1147 2590 1219 2673; x_wconf 85' lang='lat' dir='ltr'><strong>jara</strong></span> 
     </span>
     <span class='ocr_line' id='line_1_23' title="bbox 113 2686 1220 2775; baseline 0.005 -26"><span class='ocrx_word' id='word_1_182' title='bbox 113 2686 254 2773; x_wconf 86' lang='lat' dir='ltr'><strong>aliquot</strong></span> <span class='ocrx_word' id='word_1_183' title='bbox 268 2692 447 2775; x_wconf 79' lang='lat' dir='ltr'><strong>procellis‘</strong></span> <span class='ocrx_word' id='word_1_184' title='bbox 462 2690 636 2755; x_wconf 85' lang='lat' dir='ltr'><strong>summersi</strong></span> <span class='ocrx_word' id='word_1_185' title='bbox 654 2708 752 2772; x_wconf 81' lang='lat' dir='ltr'><strong>poene</strong></span> <span class='ocrx_word' id='word_1_186' title='bbox 769 2707 895 2752; x_wconf 74' lang='lat' dir='ltr'><strong>sumus·</strong></span> <span class='ocrx_word' id='word_1_187' title='bbox 932 2686 1066 2769; x_wconf 86' lang='lat' dir='ltr'><strong>ltaque,</strong></span> <span class='ocrx_word' id='word_1_188' title='bbox 1081 2688 1159 2770; x_wconf 86' lang='lat' dir='ltr'><strong>quis</strong></span> <span class='ocrx_word' id='word_1_189' title='bbox 1174 2690 1220 2755; x_wconf 86' lang='lat' dir='ltr'><strong>ad</strong></span> 
     </span>
     <span class='ocr_line' id='line_1_24' title="bbox 116 2787 1221 2871; baseline 0.002 -18"><span class='ocrx_word' id='word_1_190' title='bbox 116 2791 347 2868; x_wconf 80' lang='lat' dir='ltr'><strong>gubernacula</strong></span> <span class='ocrx_word' id='word_1_191' title='bbox 373 2792 499 2868; x_wconf 88' lang='lat' dir='ltr'><strong>sedeat,</strong></span> <span class='ocrx_word' id='word_1_192' title='bbox 521 2810 651 2855; x_wconf 88' lang='lat' dir='ltr'><strong>summa</strong></span> <span class='ocrx_word' id='word_1_193' title='bbox 673 2808 756 2853; x_wconf 87' lang='lat' dir='ltr'><strong>cura</strong></span> <span class='ocrx_word' id='word_1_194' title='bbox 778 2787 1020 2871; x_wconf 82' lang='lat' dir='ltr'><strong>providendum</strong></span> <span class='ocrx_word' id='word_1_195' title='bbox 1035 2808 1076 2852; x_wconf 90' lang='lat' dir='ltr'><strong>ae</strong></span> <span class='ocrx_word' id='word_1_196' title='bbox 1090 2807 1221 2870; x_wconf 71' lang='lat' dir='ltr'><strong>praeca·</strong></span> 
     </span>
     <span class='ocr_line' id='line_1_25' title="bbox 118 2888 1222 2973; baseline 0.005 -22"><span class='ocrx_word' id='word_1_197' title='bbox 118 2893 271 2955; x_wconf 83' lang='lat' dir='ltr'><strong>rendum</strong></span> <span class='ocrx_word' id='word_1_198' title='bbox 288 2893 385 2957; x_wconf 86' lang='lat' dir='ltr'><strong>vobis</strong></span> <span class='ocrx_word' id='word_1_199' title='bbox 398 2892 423 2932; x_wconf 83' lang='lat'><strong>¹⁸</strong></span> <span class='ocrx_word' id='word_1_200' title='bbox 445 2900 508 2958; x_wconf 79' lang='lat' dir='ltr'><strong>est·</strong></span> <span class='ocrx_word' id='word_1_201' title='bbox 552 2891 594 2956; x_wconf 91' lang='lat' dir='ltr'><strong>In</strong></span> <span class='ocrx_word' id='word_1_202' title='bbox 614 2893 742 2955; x_wconf 86' lang='lat' dir='ltr'><strong>minore</strong></span> <span class='ocrx_word' id='word_1_203' title='bbox 761 2896 794 2953; x_wconf 90' lang='lat' dir='ltr'><strong>te</strong></span> <span class='ocrx_word' id='word_1_204' title='bbox 817 2891 963 2973; x_wconf 80' lang='lat' dir='ltr'><strong>experti,</strong></span> <span class='ocrx_word' id='word_1_205' title='bbox 978 2888 1020 2953; x_wconf 86' lang='lat' dir='ltr'><strong>T.</strong></span> <span class='ocrx_word' id='word_1_206' title='bbox 1034 2890 1171 2969; x_wconf 82' lang='lat' dir='ltr'><strong>Otacili,</strong></span> <span class='ocrx_word' id='word_1_207' title='bbox 1187 2910 1222 2956; x_wconf 85' lang='lat' dir='ltr'><strong>re</strong></span> 
     </span>
     <span class='ocr_line' id='line_1_26' title="bbox 124 2990 1222 3077; baseline 0.005 -26"><span class='ocrx_word' id='word_1_208' title='bbox 124 3001 284 3056; x_wconf 86' lang='lat' dir='ltr'><strong>snmus.¹⁹</strong></span> <span class='ocrx_word' id='word_1_209' title='bbox 327 2992 433 3057; x_wconf 87' lang='lat' dir='ltr'><strong>Haud</strong></span> <span class='ocrx_word' id='word_1_210' title='bbox 458 3012 550 3071; x_wconf 86' lang='lat' dir='ltr'><strong>sane,</strong></span> <span class='ocrx_word' id='word_1_211' title='bbox 572 3012 631 3057; x_wconf 91' lang='lat' dir='ltr'><strong>cur</strong></span> <span class='ocrx_word' id='word_1_212' title='bbox 646 2993 690 3057; x_wconf 91' lang='lat' dir='ltr'><strong>ad</strong></span> <span class='ocrx_word' id='word_1_213' title='bbox 714 2994 844 3077; x_wconf 85' lang='lat' dir='ltr'><strong>majora</strong></span> <span class='ocrx_word' id='word_1_214' title='bbox 865 2991 927 3056; x_wconf 87' lang='lat' dir='ltr'><strong>tibi</strong></span> <span class='ocrx_word' id='word_1_215' title='bbox 948 2990 1103 3069; x_wconf 86' lang='lat' dir='ltr'><strong>fidamus,</strong></span> <span class='ocrx_word' id='word_1_216' title='bbox 1119 2992 1222 3058; x_wconf 88' lang='lat' dir='ltr'><strong>docn-</strong></span> 
     </span>
    </p>
   </div>
   <div class='ocr_carea' id='block_1_3' title="bbox 155 3186 1148 3318">
    <p class='ocr_par' dir='ltr' id='par_1_3' title="bbox 182 3186 1148 3318">
     <span class='ocr_line' id='line_1_27' title="bbox 182 3186 933 3253; baseline -0.011 -12.861"><span class='ocrx_word' id='word_1_217' title='bbox 182 3188 402 3249; x_wconf 69' lang='lat' dir='ltr'><strong>leursurm</strong></span> <span class='ocrx_word' id='word_1_218' title='bbox 411 3186 532 3253; x_wconf 69' lang='lat' dir='ltr'><strong>uffrrcic</strong></span> <span class='ocrx_word' id='word_1_219' title='bbox 540 3188 656 3236; x_wconf 67' lang='lat' dir='ltr'><strong>carata</strong></span> <span class='ocrx_word' id='word_1_220' title='bbox 663 3186 765 3249; x_wconf 73' lang='lat' dir='ltr'><strong>prim</strong></span> <span class='ocrx_word' id='word_1_221' title='bbox 775 3189 839 3234; x_wconf 76' lang='lat' dir='ltr'><strong>rorte</strong></span> <span class='ocrx_word' id='word_1_222' title='bbox 848 3186 933 3233; x_wconf 75' lang='lat' dir='ltr'><strong>ducta</strong></span> 
     </span>
     <span class='ocr_line' id='line_1_28' title="bbox 155 3247 1148 3318; baseline -0.005 -14.86"><span class='ocrx_word' id='word_1_223' title='bbox 155 3247 1148 3318; x_wconf 59' lang='grc' dir='ltr'><strong>’Νοπιιηιτιςιιακιὸιιψίηυωιὶιιιιωιήοιιιιιεωιηιιὶὺιὴ</strong></span> 
     </span>
    </p>
   </div>
   <div class='ocr_carea' id='block_1_4' title="bbox 128 3522 1226 3636">
    <p class='ocr_par' dir='ltr' id='par_1_4' title="bbox 128 3522 1226 3636">
     <span class='ocr_line' id='line_1_29' title="bbox 128 3522 1226 3636; baseline -0.001 -62"><span class='ocrx_word' id='word_1_224' title='bbox 128 3530 160 3575; x_wconf 80' lang='lat' dir='ltr'><strong>lt</strong></span> <span class='ocrx_word' id='word_1_225' title='bbox 178 3530 241 3579; x_wconf 69' lang='lat' dir='ltr'><strong>&#39;lira</strong></span> <span class='ocrx_word' id='word_1_226' title='bbox 257 3528 325 3578; x_wconf 83' lang='lat' dir='ltr'><strong>Edd.</strong></span> <span class='ocrx_word' id='word_1_227' title='bbox 336 3533 397 3577; x_wconf 81' lang='lat' dir='ltr'><strong>ente</strong></span> <span class='ocrx_word' id='word_1_228' title='bbox 408 3526 521 3577; x_wconf 80' lang='lat' dir='ltr'><strong>Gronov.</strong></span> <span class='ocrx_word' id='word_1_229' title='bbox 522 3529 586 3575; x_wconf 75' lang='lat' dir='ltr'><strong>-ld</strong></span> <span class='ocrx_word' id='word_1_230' title='bbox 603 3525 666 3575; x_wconf 86' lang='lat' dir='ltr'><strong>Vet.</strong></span> <span class='ocrx_word' id='word_1_231' title='bbox 676 3523 721 3575; x_wconf 88' lang='lat' dir='ltr'><strong>lib.</strong></span> <span class='ocrx_word' id='word_1_232' title='bbox 733 3522 801 3586; x_wconf 76' lang='lat' dir='ltr'><strong>apud</strong></span> <span class='ocrx_word' id='word_1_233' title='bbox 811 3522 935 3636; x_wconf 38' lang='lat' dir='ltr'><strong>Secu-at</strong></span> <span class='ocrx_word' id='word_1_234' title='bbox 945 3522 998 3572; x_wconf 79' lang='lat' dir='ltr'><strong>belli</strong></span> <span class='ocrx_word' id='word_1_235' title='bbox 1009 3528 1113 3587; x_wconf 80' lang='lat' dir='ltr'><strong>tempora</strong></span> <span class='ocrx_word' id='word_1_236' title='bbox 1123 3522 1226 3587; x_wconf 81' lang='lat' dir='ltr'><strong>portula·</strong></span> 
     </span>
    </p>
   </div>
   <div class='ocr_carea' id='block_1_5' title="bbox 129 3588 1227 3782">
    <p class='ocr_par' dir='ltr' id='par_1_5' title="bbox 129 3588 1227 3782">
     <span class='ocr_line' id='line_1_30' title="bbox 129 3588 1227 3651; baseline -0.003 -11"><span class='ocrx_word' id='word_1_237' title='bbox 129 3590 193 3640; x_wconf 75' lang='lat' dir='ltr'><strong>luat.</strong></span> <span class='ocrx_word' id='word_1_238' title='bbox 193 3597 258 3643; x_wconf 83' lang='lat' dir='ltr'><strong>-rc</strong></span> <span class='ocrx_word' id='word_1_239' title='bbox 275 3594 328 3643; x_wconf 77' lang='lat' dir='ltr'><strong>Ar</strong></span> <span class='ocrx_word' id='word_1_240' title='bbox 337 3589 602 3641; x_wconf 67' lang='lat' dir='ltr'><strong>interturbantibus</strong></span> <span class='ocrx_word' id='word_1_241' title='bbox 611 3604 657 3640; x_wconf 82' lang='lat' dir='ltr'><strong>m</strong></span> <span class='ocrx_word' id='word_1_242' title='bbox 689 3589 737 3637; x_wconf 81' lang='lat' dir='ltr'><strong>Sur</strong></span> <span class='ocrx_word' id='word_1_243' title='bbox 726 3588 811 3651; x_wconf 79' lang='lat' dir='ltr'><strong>spicer</strong></span> <span class='ocrx_word' id='word_1_244' title='bbox 841 3602 891 3637; x_wconf 86' lang='lat' dir='ltr'><strong>uuu</strong></span> <span class='ocrx_word' id='word_1_245' title='bbox 893 3600 918 3648; x_wconf 85' lang='lat' dir='ltr'><strong>e,</strong></span> <span class='ocrx_word' id='word_1_246' title='bbox 935 3602 963 3636; x_wconf 83' lang='lat' dir='ltr'><strong>oc</strong></span> <span class='ocrx_word' id='word_1_247' title='bbox 978 3592 1070 3637; x_wconf 77' lang='lat' dir='ltr'><strong>tantam</strong></span> <span class='ocrx_word' id='word_1_248' title='bbox 1086 3602 1131 3637; x_wconf 83' lang='lat' dir='ltr'><strong>auu</strong></span> <span class='ocrx_word' id='word_1_249' title='bbox 1147 3588 1227 3637; x_wconf 78' lang='lat' dir='ltr'><strong>iacta·</strong></span> 
     </span>
     <span class='ocr_line' id='line_1_31' title="bbox 130 3642 1227 3721; baseline -0.002 -18"><span class='ocrx_word' id='word_1_250' title='bbox 130 3658 235 3720; x_wconf 63' lang='lat' dir='ltr'><strong>utibaq</strong></span> <span class='ocrx_word' id='word_1_251' title='bbox 251 3657 300 3707; x_wconf 78' lang='lat' dir='ltr'><strong>etri</strong></span> <span class='ocrx_word' id='word_1_252' title='bbox 320 3663 406 3721; x_wconf 77' lang='lat' dir='ltr'><strong>potest</strong></span> <span class='ocrx_word' id='word_1_253' title='bbox 424 3655 486 3704; x_wconf 84' lang='lat' dir='ltr'><strong>illud</strong></span> <span class='ocrx_word' id='word_1_254' title='bbox 505 3654 586 3705; x_wconf 73' lang='lat' dir='ltr'><strong>terri:</strong></span> <span class='ocrx_word' id='word_1_255' title='bbox 601 3656 629 3703; x_wconf 78' lang='lat' dir='ltr'><strong>J.</strong></span> <span class='ocrx_word' id='word_1_256' title='bbox 642 3654 672 3704; x_wconf 92' lang='lat' dir='ltr'><strong>F.</strong></span> <span class='ocrx_word' id='word_1_257' title='bbox 687 3654 858 3703; x_wconf 67' lang='lat' dir='ltr'><strong>cmm-rr</strong></span> <span class='ocrx_word' id='word_1_258' title='bbox 878 3652 987 3715; x_wconf 74' lang='lat' dir='ltr'><strong>Pighius</strong></span> <span class='ocrx_word' id='word_1_259' title='bbox 1005 3654 1110 3715; x_wconf 76' lang='lat' dir='ltr'><strong>corrigit</strong></span> <span class='ocrx_word' id='word_1_260' title='bbox 1128 3642 1227 3716; x_wconf 67' lang='lat' dir='ltr'><strong>ornari,</strong></span> 
     </span>
     <span class='ocr_line' id='line_1_32' title="bbox 131 3694 1227 3782; baseline -0.003 -14"><span class='ocrx_word' id='word_1_261' title='bbox 131 3694 369 3772; x_wconf 63' lang='lat' dir='ltr'><strong>ermari</strong></span> <span class='ocrx_word' id='word_1_262' title='bbox 386 3719 577 3770; x_wconf 72' lang='lat' dir='ltr'><strong>nour-1911·</strong></span> <span class='ocrx_word' id='word_1_263' title='bbox 594 3720 728 3769; x_wconf 73' lang='lat' dir='ltr'><strong>aternu</strong></span> <span class='ocrx_word' id='word_1_264' title='bbox 745 3716 887 3782; x_wconf 74' lang='lat' dir='ltr'><strong>rapertil&#39;.</strong></span> <span class='ocrx_word' id='word_1_265' title='bbox 906 3718 1227 3781; x_wconf 66' lang='lat' dir='ltr'><strong>obumbraturum</strong></span> 
     </span>
    </p>
   </div>
   <div class='ocr_carea' id='block_1_6' title="bbox 625 3862 734 3913">
    <p class='ocr_par' dir='ltr' id='par_1_6' title="bbox 625 3862 734 3913">
     <span class='ocr_line' id='line_1_33' title="bbox 625 3862 734 3913; baseline -0.018 0"><span class='ocrx_word' id='word_1_266' title='bbox 625 3862 734 3913; x_wconf 77' lang='lat' dir='ltr'>NOTAE</span> 
     </span>
    </p>
   </div>
   <div class='ocr_carea' id='block_1_7' title="bbox 134 3954 1231 4333">
    <p class='ocr_par' dir='ltr' id='par_1_7' title="bbox 134 3954 1231 4333">
     <span class='ocr_line' id='line_1_34' title="bbox 163 3954 1230 4027; baseline -0.008 -12"><span class='ocrx_word' id='word_1_267' title='bbox 163 3958 588 4027; x_wconf 72' lang='lat' dir='ltr'><strong>threrrrnrqaerrritterealrsrrir]</strong></span> <span class='ocrx_word' id='word_1_268' title='bbox 601 3958 659 4008; x_wconf 81' lang='lat' dir='ltr'><strong>Fla·</strong></span> <span class='ocrx_word' id='word_1_269' title='bbox 732 3965 743 3991; x_wconf 76' lang='lat'>¹</span> <span class='ocrx_word' id='word_1_270' title='bbox 759 3959 817 4007; x_wconf 80' lang='lat' dir='ltr'><strong>Jarr</strong></span> <span class='ocrx_word' id='word_1_271' title='bbox 834 3958 922 4020; x_wconf 72' lang='lat' dir='ltr'><strong>aliqud</strong></span> <span class='ocrx_word' id='word_1_272' title='bbox 936 3954 1056 4019; x_wconf 70' lang='lat' dir='ltr'><strong>procella]</strong></span> <span class='ocrx_word' id='word_1_273' title='bbox 1073 3954 1230 4017; x_wconf 78' lang='lat' dir='ltr'><strong>Metaptroru</strong></span> 
     </span>
     <span class='ocr_line' id='line_1_35' title="bbox 134 4030 1229 4096; baseline -0.006 -9"><span class='ocrx_word' id='word_1_274' title='bbox 134 4037 214 4089; x_wconf 80' lang='lat' dir='ltr'><strong>uiues</strong></span> <span class='ocrx_word' id='word_1_275' title='bbox 232 4040 299 4090; x_wconf 78' lang='lat' dir='ltr'><strong>adeo</strong></span> <span class='ocrx_word' id='word_1_276' title='bbox 316 4038 419 4088; x_wconf 71' lang='lat' dir='ltr'><strong>utristi</strong></span> <span class='ocrx_word' id='word_1_277' title='bbox 435 4042 511 4085; x_wconf 81' lang='lat' dir='ltr'><strong>eraut</strong></span> <span class='ocrx_word' id='word_1_278' title='bbox 526 4034 617 4095; x_wconf 75' lang='lat' dir='ltr'><strong>rueris,</strong></span> <span class='ocrx_word' id='word_1_279' title='bbox 631 4039 661 4083; x_wconf 88' lang='lat' dir='ltr'><strong>ut</strong></span> <span class='ocrx_word' id='word_1_280' title='bbox 700 4034 792 4082; x_wconf 80' lang='lat' dir='ltr'><strong>amari</strong></span> <span class='ocrx_word' id='word_1_281' title='bbox 803 4034 836 4081; x_wconf 79' lang='lat' dir='ltr'><strong>ad</strong></span> <span class='ocrx_word' id='word_1_282' title='bbox 847 4031 963 4096; x_wconf 80' lang='lat' dir='ltr'><strong>rempub.</strong></span> <span class='ocrx_word' id='word_1_283' title='bbox 973 4030 1053 4080; x_wconf 85' lang='lat' dir='ltr'><strong>dueta</strong></span> <span class='ocrx_word' id='word_1_284' title='bbox 1063 4046 1069 4076; x_wconf 75' lang='grc' dir='ltr'><strong><em>ε</em></strong></span> <span class='ocrx_word' id='word_1_285' title='bbox 1080 4030 1229 4093; x_wconf 70' lang='lat' dir='ltr'><strong>intelligun-</strong></span> 
     </span>
     <span class='ocr_line' id='line_1_36' title="bbox 135 4106 1231 4175; baseline -0.005 -13"><span class='ocrx_word' id='word_1_286' title='bbox 135 4113 168 4163; x_wconf 85' lang='lat' dir='ltr'><strong>ab</strong></span> <span class='ocrx_word' id='word_1_287' title='bbox 185 4116 250 4165; x_wconf 82' lang='lat' dir='ltr'><strong>urbe</strong></span> <span class='ocrx_word' id='word_1_288' title='bbox 267 4116 409 4165; x_wconf 75' lang='lat' dir='ltr'><strong>abnoctare</strong></span> <span class='ocrx_word' id='word_1_289' title='bbox 425 4112 488 4175; x_wconf 75' lang='lat' dir='ltr'><strong>ipris</strong></span> <span class='ocrx_word' id='word_1_290' title='bbox 501 4110 610 4158; x_wconf 85' lang='lat' dir='ltr'><strong>retltnru</strong></span> <span class='ocrx_word' id='word_1_291' title='bbox 620 4122 661 4158; x_wconf 76' lang='lat' dir='ltr'><strong>cs·</strong></span> <span class='ocrx_word' id='word_1_292' title='bbox 701 4115 842 4160; x_wconf 72' lang='lat' dir='ltr'><strong>torentem</strong></span> <span class='ocrx_word' id='word_1_293' title='bbox 859 4122 952 4173; x_wconf 74' lang='lat' dir='ltr'><strong>pugna</strong></span> <span class='ocrx_word' id='word_1_294' title='bbox 968 4106 1000 4158; x_wconf 80' lang='lat' dir='ltr'><strong>ad</strong></span> <span class='ocrx_word' id='word_1_295' title='bbox 1014 4106 1189 4161; x_wconf 73' lang='lat' dir='ltr'><strong>Trasimenum</strong></span> <span class='ocrx_word' id='word_1_296' title='bbox 1201 4113 1231 4161; x_wconf 84' lang='lat' dir='ltr'><strong>et</strong></span> 
     </span>
     <span class='ocr_line' id='line_1_37' title="bbox 137 4186 812 4253; baseline -0.004 -14"><span class='ocrx_word' id='word_1_297' title='bbox 137 4199 186 4253; x_wconf 83' lang='lat' dir='ltr'><strong>ret,</strong></span> <span class='ocrx_word' id='word_1_298' title='bbox 202 4192 294 4242; x_wconf 78' lang='lat' dir='ltr'><strong>ultera</strong></span> <span class='ocrx_word' id='word_1_299' title='bbox 313 4191 385 4246; x_wconf 77' lang='lat' dir='ltr'><strong>diali,</strong></span> <span class='ocrx_word' id='word_1_300' title='bbox 402 4197 431 4238; x_wconf 85' lang='lat' dir='ltr'><strong>ut</strong></span> <span class='ocrx_word' id='word_1_301' title='bbox 450 4186 559 4237; x_wconf 79' lang='lat' dir='ltr'><strong>rldlnur</strong></span> <span class='ocrx_word' id='word_1_302' title='bbox 575 4186 621 4237; x_wconf 84' lang='lat' dir='ltr'><strong>lib.</strong></span> <span class='ocrx_word' id='word_1_303' title='bbox 632 4198 661 4238; x_wconf 83' lang='lat' dir='ltr'><strong>v.</strong></span> <span class='ocrx_word' id='word_1_304' title='bbox 701 4186 812 4236; x_wconf 64' lang='grc' dir='ltr'>(ἓιιιιιιι.</span> 
     </span>
     <span class='ocr_line' id='line_1_38' title="bbox 139 4272 247 4333; baseline 0.019 -17"><span class='ocrx_word' id='word_1_305' title='bbox 139 4272 247 4333; x_wconf 64' lang='lat' dir='ltr'><strong>captu</strong></span> 
     </span>
    </p>
   </div>
   <div class='ocr_carea' id='block_1_8' title="bbox 0 0 1504 4767">
    <p class='ocr_par' dir='ltr' id='par_1_8' title="bbox 0 0 1504 4767">
     <span class='ocr_line' id='line_1_39' title="bbox 0 0 1504 4767; baseline 0 0"><span class='ocrx_word' id='word_1_306' title='bbox 0 0 1504 4767; x_wconf 95' lang='lat' dir='ltr'><strong> </strong></span> 
     </span>
    </p>
   </div>
  </div>
 </body>
</html>
