<?xml version="1.0" encoding="UTF-8"?>
<!DOCTYPE html PUBLIC "-//W3C//DTD XHTML 1.0 Transitional//EN"
    "http://www.w3.org/TR/xhtml1/DTD/xhtml1-transitional.dtd">
<html xmlns="http://www.w3.org/1999/xhtml" xml:lang="en" lang="en">
 <head>
  <title>
</title>
<meta http-equiv="Content-Type" content="text/html;charset=utf-8" />
  <meta name='ocr-system' content='tesseract 3.04.00' />
  <meta name='ocr-capabilities' content='ocr_page ocr_carea ocr_par ocr_line ocrx_word'/>
</head>
<body>
  <div class='ocr_page' id='page_1' title='image "./tliviipatavinih00unkngoog/tliviipatavinih00unkngoog_0584.png"; bbox 0 0 2917 4767; ppageno 0'>
   <div class='ocr_carea' id='block_1_1' title="bbox 307 363 947 432">
    <p class='ocr_par' dir='ltr' id='par_1_1' title="bbox 307 363 947 432">
     <span class='ocr_line' id='line_1_1' title="bbox 307 363 947 432; baseline -0.002 -8"><span class='ocrx_word' id='word_1_1' title='bbox 307 363 393 432; x_wconf 75' lang='lat'><strong>1962</strong></span> <span class='ocrx_word' id='word_1_2' title='bbox 784 375 819 423; x_wconf 83' lang='lat' dir='ltr'><strong>u.</strong></span> <span class='ocrx_word' id='word_1_3' title='bbox 844 364 947 424; x_wconf 71' lang='lat' dir='ltr'><strong>urvrr‘</strong></span> 
     </span>
    </p>
   </div>
   <div class='ocr_carea' id='block_1_2' title="bbox 303 517 1421 2327">
    <p class='ocr_par' dir='ltr' id='par_1_2' title="bbox 305 517 1421 1414">
     <span class='ocr_line' id='line_1_2' title="bbox 305 517 1382 604; baseline -0.001 -16"><span class='ocrx_word' id='word_1_4' title='bbox 305 524 508 597; x_wconf 79' lang='lat' dir='ltr'><strong>defecerant,</strong></span> <span class='ocrx_word' id='word_1_5' title='bbox 526 518 654 584; x_wconf 78' lang='lat' dir='ltr'><strong>Fabius</strong></span> <span class='ocrx_word' id='word_1_6' title='bbox 669 519 703 582; x_wconf 83' lang='lat' dir='ltr'><strong>vi</strong></span> <span class='ocrx_word' id='word_1_7' title='bbox 717 519 828 602; x_wconf 88' lang='lat' dir='ltr'><strong>cepit;</strong></span> <span class='ocrx_word' id='word_1_8' title='bbox 852 517 1080 604; x_wconf 83' lang='lat' dir='ltr'><strong>praesidiuque</strong></span> <span class='ocrx_word' id='word_1_9' title='bbox 1094 520 1191 586; x_wconf 84' lang='lat' dir='ltr'><strong>iniis</strong></span> <span class='ocrx_word' id='word_1_10' title='bbox 1205 520 1382 588; x_wconf 77' lang='lat' dir='ltr'>Hannibalis</span> 
     </span>
     <span class='ocr_line' id='line_1_3' title="bbox 308 621 1387 707; baseline -0.005 -16"><span class='ocrx_word' id='word_1_11' title='bbox 308 625 540 707; x_wconf 77' lang='lat' dir='ltr'><strong>Campanique</strong></span> <span class='ocrx_word' id='word_1_12' title='bbox 562 623 716 705; x_wconf 83' lang='lat' dir='ltr'><strong>permulti</strong></span> <span class='ocrx_word' id='word_1_13' title='bbox 728 626 754 659; x_wconf 86' lang='lat'><strong>&#39;⁹</strong></span> <span class='ocrx_word' id='word_1_14' title='bbox 768 623 875 704; x_wconf 86' lang='lat' dir='ltr'><strong>capti.</strong></span> <span class='ocrx_word' id='word_1_15' title='bbox 921 622 964 686; x_wconf 92' lang='lat' dir='ltr'><strong>Et</strong></span> <span class='ocrx_word' id='word_1_16' title='bbox 980 621 1014 686; x_wconf 95' lang='lat' dir='ltr'>N</span> <span class='ocrx_word' id='word_1_17' title='bbox 1016 623 1097 700; x_wconf 78' lang='lat' dir='ltr'><strong>olae,</strong></span> <span class='ocrx_word' id='word_1_18' title='bbox 1111 624 1207 688; x_wconf 70' lang='lat' dir='ltr'><strong>dent</strong></span> <span class='ocrx_word' id='word_1_19' title='bbox 1230 624 1334 706; x_wconf 89' lang='lat' dir='ltr'><strong>priore</strong></span> <span class='ocrx_word' id='word_1_20' title='bbox 1345 645 1387 688; x_wconf 85' lang='lat' dir='ltr'><strong>an-</strong></span> 
     </span>
     <span class='ocr_line' id='line_1_4' title="bbox 307 723 1421 805; baseline 0 -16"><span class='ocrx_word' id='word_1_21' title='bbox 307 747 366 803; x_wconf 87' lang='lat' dir='ltr'><strong>no,</strong></span> <span class='ocrx_word' id='word_1_22' title='bbox 383 730 517 789; x_wconf 86' lang='lat' dir='ltr'><strong>senatus</strong></span> <span class='ocrx_word' id='word_1_23' title='bbox 534 723 778 798; x_wconf 89' lang='lat' dir='ltr'><strong>Romanorum,</strong></span> <span class='ocrx_word' id='word_1_24' title='bbox 799 723 897 805; x_wconf 82' lang='lat' dir='ltr'><strong>plebs</strong></span> <span class='ocrx_word' id='word_1_25' title='bbox 920 723 1125 789; x_wconf 83' lang='lat' dir='ltr'><strong>Hannibalis</strong></span> <span class='ocrx_word' id='word_1_26' title='bbox 1139 733 1236 790; x_wconf 83' lang='lat' dir='ltr'><strong>erat:</strong></span> <span class='ocrx_word' id='word_1_27' title='bbox 1258 727 1387 790; x_wconf 86' lang='lat' dir='ltr'><strong>consilia·</strong></span> <span class='ocrx_word' id='word_1_28' title='bbox 1420 724 1421 733; x_wconf 74' lang='grc'>’</span> 
     </span>
     <span class='ocr_line' id='line_1_5' title="bbox 306 825 1388 910; baseline 0 -20"><span class='ocrx_word' id='word_1_29' title='bbox 306 847 374 910; x_wconf 89' lang='lat' dir='ltr'><strong>que</strong></span> <span class='ocrx_word' id='word_1_30' title='bbox 396 825 535 890; x_wconf 85' lang='lat' dir='ltr'><strong>occulta</strong></span> <span class='ocrx_word' id='word_1_31' title='bbox 558 825 600 890; x_wconf 90' lang='lat' dir='ltr'><strong>de</strong></span> <span class='ocrx_word' id='word_1_32' title='bbox 625 825 719 890; x_wconf 75' lang='lat' dir='ltr'><strong>cende</strong></span> <span class='ocrx_word' id='word_1_33' title='bbox 752 825 937 908; x_wconf 83' lang='lat' dir='ltr'><strong>principum</strong></span> <span class='ocrx_word' id='word_1_34' title='bbox 960 831 995 888; x_wconf 90' lang='lat' dir='ltr'><strong>et</strong></span> <span class='ocrx_word' id='word_1_35' title='bbox 1024 827 1222 907; x_wconf 79' lang='lat' dir='ltr'><strong>proditione</strong></span> <span class='ocrx_word' id='word_1_36' title='bbox 1244 829 1330 890; x_wconf 88' lang='lat' dir='ltr'><strong>urbis</strong></span> <span class='ocrx_word' id='word_1_37' title='bbox 1345 830 1388 890; x_wconf 88' lang='lat' dir='ltr'><strong>iui-</strong></span> 
     </span>
     <span class='ocr_line' id='line_1_6' title="bbox 307 924 1388 1011; baseline -0.003 -18"><span class='ocrx_word' id='word_1_38' title='bbox 307 930 439 993; x_wconf 87' lang='lat' dir='ltr'><strong>bantur.</strong></span> <span class='ocrx_word' id='word_1_39' title='bbox 491 924 623 1004; x_wconf 80' lang='lat' dir='ltr'><strong>Quibus</strong></span> <span class='ocrx_word' id='word_1_40' title='bbox 652 947 694 990; x_wconf 90' lang='lat' dir='ltr'><strong>ne</strong></span> <span class='ocrx_word' id='word_1_41' title='bbox 722 927 855 1010; x_wconf 88' lang='lat' dir='ltr'><strong>incepta</strong></span> <span class='ocrx_word' id='word_1_42' title='bbox 884 925 1111 1008; x_wconf 87' lang='lat' dir='ltr'><strong>procederent,</strong></span> <span class='ocrx_word' id='word_1_43' title='bbox 1143 926 1234 992; x_wconf 88' lang='lat' dir='ltr'><strong>iuter</strong></span> <span class='ocrx_word' id='word_1_44' title='bbox 1263 927 1388 1011; x_wconf 82' lang='lat' dir='ltr'><strong>Capuan</strong></span> 
     </span>
     <span class='ocr_line' id='line_1_7' title="bbox 309 1027 1389 1112; baseline -0.003 -18"><span class='ocrx_word' id='word_1_45' title='bbox 309 1039 488 1112; x_wconf 88' lang='lat' dir='ltr'><strong>castraque</strong></span> <span class='ocrx_word' id='word_1_46' title='bbox 505 1027 721 1104; x_wconf 83' lang='lat' dir='ltr'><strong>Hannibalis,</strong></span> <span class='ocrx_word' id='word_1_47' title='bbox 737 1028 861 1111; x_wconf 75' lang='lat' dir='ltr'><strong>quaein</strong></span> <span class='ocrx_word' id='word_1_48' title='bbox 880 1028 1004 1093; x_wconf 75' lang='lat' dir='ltr'><strong>Tifatis</strong></span> <span class='ocrx_word' id='word_1_49' title='bbox 1025 1035 1130 1104; x_wconf 82' lang='lat' dir='ltr'><strong>erunt,</strong></span> <span class='ocrx_word' id='word_1_50' title='bbox 1143 1028 1301 1094; x_wconf 87' lang='lat' dir='ltr'><strong>traducto</strong></span> <span class='ocrx_word' id='word_1_51' title='bbox 1317 1049 1389 1092; x_wconf 81' lang='lat' dir='ltr'><strong>exer·</strong></span> 
     </span>
     <span class='ocr_line' id='line_1_8' title="bbox 308 1129 1389 1214; baseline -0.003 -17"><span class='ocrx_word' id='word_1_52' title='bbox 308 1133 389 1210; x_wconf 88' lang='lat' dir='ltr'><strong>citu,</strong></span> <span class='ocrx_word' id='word_1_53' title='bbox 406 1133 532 1196; x_wconf 80' lang='lat' dir='ltr'><strong>Fabius</strong></span> <span class='ocrx_word' id='word_1_54' title='bbox 548 1149 647 1214; x_wconf 89' lang='lat' dir='ltr'><strong>super</strong></span> <span class='ocrx_word' id='word_1_55' title='bbox 662 1129 850 1194; x_wconf 82' lang='lat' dir='ltr'><strong>Vesuvium</strong></span> <span class='ocrx_word' id='word_1_56' title='bbox 864 1131 901 1194; x_wconf 86' lang='lat' dir='ltr'><strong>io</strong></span> <span class='ocrx_word' id='word_1_57' title='bbox 912 1131 1032 1194; x_wconf 88' lang='lat' dir='ltr'><strong>castris</strong></span> <span class='ocrx_word' id='word_1_58' title='bbox 1048 1130 1284 1195; x_wconf 80' lang='lat' dir='ltr'><strong>Claudianis²⁰</strong></span> <span class='ocrx_word' id='word_1_59' title='bbox 1298 1149 1389 1194; x_wconf 83' lang='lat' dir='ltr'><strong>coure-</strong></span> 
     </span>
     <span class='ocr_line' id='line_1_9' title="bbox 307 1231 1388 1316; baseline -0.004 -18"><span class='ocrx_word' id='word_1_60' title='bbox 307 1235 376 1316; x_wconf 79' lang='lat' dir='ltr'><strong>dit3</strong></span> <span class='ocrx_word' id='word_1_61' title='bbox 397 1233 474 1298; x_wconf 88' lang='lat' dir='ltr'><strong>inde</strong></span> <span class='ocrx_word' id='word_1_62' title='bbox 491 1233 540 1296; x_wconf 83' lang='lat' dir='ltr'><strong>ld.</strong></span> <span class='ocrx_word' id='word_1_63' title='bbox 557 1231 754 1296; x_wconf 87' lang='lat' dir='ltr'><strong>Marcellum</strong></span> <span class='ocrx_word' id='word_1_64' title='bbox 769 1231 1026 1314; x_wconf 84' lang='lat' dir='ltr'><strong>proconsulem¹</strong></span> <span class='ocrx_word' id='word_1_65' title='bbox 1044 1251 1120 1295; x_wconf 91' lang='lat' dir='ltr'><strong>cum</strong></span> <span class='ocrx_word' id='word_1_66' title='bbox 1136 1233 1182 1296; x_wconf 91' lang='lat' dir='ltr'><strong>iis</strong></span> <span class='ocrx_word' id='word_1_67' title='bbox 1194 1232 1313 1316; x_wconf 90' lang='lat' dir='ltr'><strong>copiis,</strong></span> <span class='ocrx_word' id='word_1_68' title='bbox 1326 1251 1388 1314; x_wconf 85' lang='lat' dir='ltr'><strong>quas</strong></span> 
     </span>
     <span class='ocr_line' id='line_1_10' title="bbox 306 1333 996 1414; baseline -0.007 -14"><span class='ocrx_word' id='word_1_69' title='bbox 306 1335 464 1410; x_wconf 87' lang='lat' dir='ltr'><strong>habebat,</strong></span> <span class='ocrx_word' id='word_1_70' title='bbox 480 1333 604 1397; x_wconf 89' lang='lat' dir='ltr'><strong>Nolam</strong></span> <span class='ocrx_word' id='word_1_71' title='bbox 621 1333 654 1395; x_wconf 91' lang='lat' dir='ltr'><strong>in</strong></span> <span class='ocrx_word' id='word_1_72' title='bbox 676 1333 874 1414; x_wconf 72' lang='lat' dir='ltr'><strong>praesidium</strong></span> <span class='ocrx_word' id='word_1_73' title='bbox 894 1333 996 1396; x_wconf 82' lang='lat' dir='ltr'><strong>misit.</strong></span> 
     </span>
    </p>

    <p class='ocr_par' dir='ltr' id='par_1_3' title="bbox 303 1433 1389 2327">
     <span class='ocr_line' id='line_1_11' title="bbox 349 1433 1387 1517; baseline -0.002 -19"><span class='ocrx_word' id='word_1_74' title='bbox 349 1437 403 1498; x_wconf 85' lang='lat'><strong>40.</strong></span> <span class='ocrx_word' id='word_1_75' title='bbox 430 1435 473 1498; x_wconf 86' lang='lat' dir='ltr'><strong>Et</strong></span> <span class='ocrx_word' id='word_1_76' title='bbox 495 1435 530 1497; x_wconf 95' lang='lat' dir='ltr'><strong>in</strong></span> <span class='ocrx_word' id='word_1_77' title='bbox 557 1434 714 1499; x_wconf 87' lang='lat' dir='ltr'><strong>Sardinia</strong></span> <span class='ocrx_word' id='word_1_78' title='bbox 735 1455 788 1499; x_wconf 87' lang='lat' dir='ltr'><strong>res</strong></span> <span class='ocrx_word' id='word_1_79' title='bbox 812 1453 874 1517; x_wconf 91' lang='lat' dir='ltr'><strong>per</strong></span> <span class='ocrx_word' id='word_1_80' title='bbox 888 1434 929 1498; x_wconf 89' lang='grc' dir='ltr'><strong>Τ.</strong></span> <span class='ocrx_word' id='word_1_81' title='bbox 944 1433 1111 1498; x_wconf 86' lang='lat' dir='ltr'><strong>Manlium</strong></span> <span class='ocrx_word' id='word_1_82' title='bbox 1134 1440 1329 1517; x_wconf 76' lang='lat' dir='ltr'><strong>praetorem²</strong></span> <span class='ocrx_word' id='word_1_83' title='bbox 1346 1433 1387 1496; x_wconf 85' lang='lat' dir='ltr'><strong>ad</strong></span> 
     </span>
     <span class='ocr_line' id='line_1_12' title="bbox 306 1532 1389 1619; baseline -0.005 -18"><span class='ocrx_word' id='word_1_84' title='bbox 306 1537 485 1601; x_wconf 83' lang='lat' dir='ltr'><strong>ministrari</strong></span> <span class='ocrx_word' id='word_1_85' title='bbox 503 1543 637 1618; x_wconf 77' lang='lat' dir='ltr'><strong>creptae,</strong></span> <span class='ocrx_word' id='word_1_86' title='bbox 658 1555 734 1618; x_wconf 83' lang='lat' dir='ltr'><strong>quse</strong></span> <span class='ocrx_word' id='word_1_87' title='bbox 755 1536 895 1600; x_wconf 84' lang='lat' dir='ltr'><strong>omissae</strong></span> <span class='ocrx_word' id='word_1_88' title='bbox 922 1543 1027 1608; x_wconf 86' lang='lat' dir='ltr'><strong>eraut,</strong></span> <span class='ocrx_word' id='word_1_89' title='bbox 1054 1544 1240 1619; x_wconf 85' lang='lat' dir='ltr'><strong>postquam</strong></span> <span class='ocrx_word' id='word_1_90' title='bbox 1272 1532 1311 1612; x_wconf 79' lang='lat' dir='ltr'><strong>Q.</strong></span> <span class='ocrx_word' id='word_1_91' title='bbox 1331 1535 1389 1597; x_wconf 85' lang='lat' dir='ltr'><strong>blu-</strong></span> 
     </span>
     <span class='ocr_line' id='line_1_13' title="bbox 308 1636 1387 1722; baseline -0.004 -19"><span class='ocrx_word' id='word_1_92' title='bbox 308 1641 383 1703; x_wconf 90' lang='lat' dir='ltr'><strong>cius</strong></span> <span class='ocrx_word' id='word_1_93' title='bbox 399 1645 524 1722; x_wconf 85' lang='lat' dir='ltr'><strong>praetor</strong></span> <span class='ocrx_word' id='word_1_94' title='bbox 547 1636 638 1719; x_wconf 82' lang='lat' dir='ltr'><strong>gravi</strong></span> <span class='ocrx_word' id='word_1_95' title='bbox 669 1637 785 1700; x_wconf 90' lang='lat' dir='ltr'><strong>morbo</strong></span> <span class='ocrx_word' id='word_1_96' title='bbox 806 1647 859 1700; x_wconf 90' lang='lat' dir='ltr'><strong>est</strong></span> <span class='ocrx_word' id='word_1_97' title='bbox 880 1636 1079 1718; x_wconf 85' lang='lat' dir='ltr'><strong>implicitus.</strong></span> <span class='ocrx_word' id='word_1_98' title='bbox 1137 1637 1300 1712; x_wconf 84' lang='lat' dir='ltr'><strong>Manlius,</strong></span> <span class='ocrx_word' id='word_1_99' title='bbox 1316 1638 1387 1699; x_wconf 84' lang='lat' dir='ltr'><strong>ouri·</strong></span> 
     </span>
     <span class='ocr_line' id='line_1_14' title="bbox 307 1735 1389 1822; baseline -0.005 -19"><span class='ocrx_word' id='word_1_100' title='bbox 307 1741 372 1804; x_wconf 89' lang='lat' dir='ltr'><strong>bus</strong></span> <span class='ocrx_word' id='word_1_101' title='bbox 390 1739 497 1821; x_wconf 82' lang='lat' dir='ltr'><strong>longis</strong></span> <span class='ocrx_word' id='word_1_102' title='bbox 517 1737 561 1801; x_wconf 91' lang='lat' dir='ltr'><strong>ad</strong></span> <span class='ocrx_word' id='word_1_103' title='bbox 580 1737 718 1802; x_wconf 82' lang='lat' dir='ltr'><strong>Carales</strong></span> <span class='ocrx_word' id='word_1_104' title='bbox 729 1745 739 1782; x_wconf 83' lang='lat'><em>³</em></span> <span class='ocrx_word' id='word_1_105' title='bbox 750 1735 764 1774; x_wconf 71' lang='lat'><strong>¹³</strong></span> <span class='ocrx_word' id='word_1_106' title='bbox 777 1738 964 1814; x_wconf 82' lang='lat' dir='ltr'><strong>subductis,</strong></span> <span class='ocrx_word' id='word_1_107' title='bbox 979 1739 1227 1822; x_wconf 87' lang='lat' dir='ltr'><strong>navalibusque</strong></span> <span class='ocrx_word' id='word_1_108' title='bbox 1247 1739 1341 1802; x_wconf 87' lang='lat' dir='ltr'><strong>sociis</strong></span> <span class='ocrx_word' id='word_1_109' title='bbox 1352 1755 1389 1798; x_wconf 88' lang='lat' dir='ltr'><strong>ar·</strong></span> 
     </span>
     <span class='ocr_line' id='line_1_15' title="bbox 307 1841 1387 1923; baseline -0.004 -19"><span class='ocrx_word' id='word_1_110' title='bbox 307 1842 416 1915; x_wconf 84' lang='lat' dir='ltr'><strong>matis,</strong></span> <span class='ocrx_word' id='word_1_111' title='bbox 432 1848 470 1904; x_wconf 94' lang='lat' dir='ltr'><strong>ut</strong></span> <span class='ocrx_word' id='word_1_112' title='bbox 484 1846 568 1904; x_wconf 85' lang='lat' dir='ltr'><strong>terra</strong></span> <span class='ocrx_word' id='word_1_113' title='bbox 584 1859 653 1902; x_wconf 91' lang='lat' dir='ltr'><strong>rem</strong></span> <span class='ocrx_word' id='word_1_114' title='bbox 670 1845 807 1920; x_wconf 81' lang='lat' dir='ltr'><strong>gereret,</strong></span> <span class='ocrx_word' id='word_1_115' title='bbox 832 1848 869 1903; x_wconf 86' lang='lat' dir='ltr'><strong>et</strong></span> <span class='ocrx_word' id='word_1_116' title='bbox 891 1859 914 1902; x_wconf 87' lang='lat' dir='ltr'><strong>a</strong></span> <span class='ocrx_word' id='word_1_117' title='bbox 933 1848 1075 1923; x_wconf 75' lang='lat' dir='ltr'><strong>praetore</strong></span> <span class='ocrx_word' id='word_1_118' title='bbox 1089 1841 1247 1904; x_wconf 84' lang='lat' dir='ltr'><strong>exercitu</strong></span> <span class='ocrx_word' id='word_1_119' title='bbox 1261 1845 1387 1921; x_wconf 79' lang='lat' dir='ltr'><strong>aeoepto,</strong></span> 
     </span>
     <span class='ocr_line' id='line_1_16' title="bbox 306 1940 1388 2024; baseline -0.006 -18"><span class='ocrx_word' id='word_1_120' title='bbox 306 1943 375 2007; x_wconf 90' lang='lat' dir='ltr'><strong>duo</strong></span> <span class='ocrx_word' id='word_1_121' title='bbox 400 1951 434 2007; x_wconf 89' lang='lat' dir='ltr'><strong>et</strong></span> <span class='ocrx_word' id='word_1_122' title='bbox 454 1943 570 2024; x_wconf 81' lang='lat' dir='ltr'><strong>viginti</strong></span> <span class='ocrx_word' id='word_1_123' title='bbox 597 1941 703 2005; x_wconf 89' lang='lat' dir='ltr'><strong>millia</strong></span> <span class='ocrx_word' id='word_1_124' title='bbox 729 1941 892 2023; x_wconf 87' lang='lat' dir='ltr'><strong>peditum,</strong></span> <span class='ocrx_word' id='word_1_125' title='bbox 918 1942 1011 2006; x_wconf 90' lang='lat' dir='ltr'><strong>mille</strong></span> <span class='ocrx_word' id='word_1_126' title='bbox 1034 1952 1068 2004; x_wconf 88' lang='lat' dir='ltr'><strong>et</strong></span> <span class='ocrx_word' id='word_1_127' title='bbox 1091 1943 1259 2005; x_wconf 89' lang='lat' dir='ltr'><strong>ducentos</strong></span> <span class='ocrx_word' id='word_1_128' title='bbox 1280 1940 1388 2020; x_wconf 83' lang='lat' dir='ltr'><strong>equites</strong></span> 
     </span>
     <span class='ocr_line' id='line_1_17' title="bbox 303 2039 1387 2124; baseline -0.008 -15"><span class='ocrx_word' id='word_1_129' title='bbox 303 2044 464 2109; x_wconf 84' lang='lat' dir='ltr'><strong>coniecit.</strong></span> <span class='ocrx_word' id='word_1_130' title='bbox 508 2043 594 2106; x_wconf 86' lang='lat' dir='ltr'><strong>Cum</strong></span> <span class='ocrx_word' id='word_1_131' title='bbox 622 2042 674 2106; x_wconf 90' lang='lat' dir='ltr'><strong>bis</strong></span> <span class='ocrx_word' id='word_1_132' title='bbox 698 2044 849 2124; x_wconf 84' lang='lat' dir='ltr'><strong>equilum</strong></span> <span class='ocrx_word' id='word_1_133' title='bbox 871 2043 1089 2124; x_wconf 85' lang='lat' dir='ltr'><strong>peditumque</strong></span> <span class='ocrx_word' id='word_1_134' title='bbox 1105 2043 1219 2124; x_wconf 90' lang='lat' dir='ltr'><strong>copiis</strong></span> <span class='ocrx_word' id='word_1_135' title='bbox 1242 2039 1387 2122; x_wconf 82' lang='lat' dir='ltr'><strong>proiectus</strong></span> 
     </span>
     <span class='ocr_line' id='line_1_18' title="bbox 306 2139 1388 2226; baseline -0.008 -17"><span class='ocrx_word' id='word_1_136' title='bbox 306 2147 476 2226; x_wconf 75' lang='lat' dir='ltr'><strong>inagnum</strong></span> <span class='ocrx_word' id='word_1_137' title='bbox 504 2144 660 2215; x_wconf 85' lang='lat' dir='ltr'><strong>bostium,</strong></span> <span class='ocrx_word' id='word_1_138' title='bbox 691 2142 780 2206; x_wconf 88' lang='lat' dir='ltr'><strong>haud</strong></span> <span class='ocrx_word' id='word_1_139' title='bbox 814 2144 934 2225; x_wconf 90' lang='lat' dir='ltr'><strong>procul</strong></span> <span class='ocrx_word' id='word_1_140' title='bbox 965 2143 1009 2206; x_wconf 89' lang='lat' dir='ltr'><strong>ab</strong></span> <span class='ocrx_word' id='word_1_141' title='bbox 1027 2141 1271 2224; x_wconf 83' lang='lat' dir='ltr'><strong>Hampsicorae</strong></span> <span class='ocrx_word' id='word_1_142' title='bbox 1292 2139 1388 2203; x_wconf 85' lang='lat' dir='ltr'><strong>castris</strong></span> 
     </span>
     <span class='ocr_line' id='line_1_19' title="bbox 307 2241 1385 2327; baseline -0.008 -19"><span class='ocrx_word' id='word_1_143' title='bbox 307 2255 419 2308; x_wconf 86' lang='lat' dir='ltr'><strong>castra</strong></span> <span class='ocrx_word' id='word_1_144' title='bbox 440 2245 563 2327; x_wconf 84' lang='lat' dir='ltr'><strong>posuit.</strong></span> <span class='ocrx_word' id='word_1_145' title='bbox 617 2243 848 2325; x_wconf 86' lang='lat' dir='ltr'><strong>Hampsicora</strong></span> <span class='ocrx_word' id='word_1_146' title='bbox 868 2253 939 2306; x_wconf 90' lang='lat' dir='ltr'><strong>tum</strong></span> <span class='ocrx_word' id='word_1_147' title='bbox 970 2242 1059 2306; x_wconf 81' lang='lat' dir='ltr'><strong>forte</strong></span> <span class='ocrx_word' id='word_1_148' title='bbox 1082 2241 1255 2326; x_wconf 87' lang='lat' dir='ltr'><strong>profectus</strong></span> <span class='ocrx_word' id='word_1_149' title='bbox 1278 2249 1341 2305; x_wconf 88' lang='lat' dir='ltr'><strong>erat</strong></span> <span class='ocrx_word' id='word_1_150' title='bbox 1361 2242 1385 2302; x_wconf 91' lang='lat' dir='ltr'><strong>in</strong></span> 
     </span>
    </p>
   </div>
   <div class='ocr_carea' id='block_1_3' title="bbox 306 2342 1387 2429">
    <p class='ocr_par' dir='ltr' id='par_1_4' title="bbox 306 2342 1387 2429">
     <span class='ocr_line' id='line_1_20' title="bbox 306 2342 1387 2429; baseline -0.005 -20"><span class='ocrx_word' id='word_1_151' title='bbox 306 2346 476 2410; x_wconf 80' lang='lat' dir='ltr'><strong>Pellitos⁴</strong></span> <span class='ocrx_word' id='word_1_152' title='bbox 493 2344 645 2421; x_wconf 82' lang='lat' dir='ltr'><strong>Sardos,c</strong></span> <span class='ocrx_word' id='word_1_153' title='bbox 669 2345 713 2407; x_wconf 92' lang='lat' dir='ltr'><strong>ad</strong></span> <span class='ocrx_word' id='word_1_154' title='bbox 733 2343 945 2428; x_wconf 83' lang='lat' dir='ltr'><strong>juventutem</strong></span> <span class='ocrx_word' id='word_1_155' title='bbox 971 2344 1181 2423; x_wconf 88' lang='lat' dir='ltr'><strong>armandam,</strong></span> <span class='ocrx_word' id='word_1_156' title='bbox 1207 2363 1273 2429; x_wconf 88' lang='lat' dir='ltr'><strong>qua</strong></span> <span class='ocrx_word' id='word_1_157' title='bbox 1295 2342 1387 2424; x_wconf 84' lang='lat' dir='ltr'><strong>copias</strong></span> 
     </span>
    </p>
   </div>
   <div class='ocr_carea' id='block_1_4' title="bbox 766 2520 949 2542">
    <p class='ocr_par' dir='ltr' id='par_1_5' title="bbox 766 2520 949 2542">
     <span class='ocr_line' id='line_1_21' title="bbox 766 2520 949 2542; baseline -0.016 0"><span class='ocrx_word' id='word_1_158' title='bbox 766 2520 916 2542; x_wconf 66' lang='grc' dir='ltr'><strong>ΙΙΙΙΙΙΙ</strong></span> <span class='ocrx_word' id='word_1_159' title='bbox 917 2521 949 2539; x_wconf 71' lang='grc' dir='ltr'><strong><em>Ν</em></strong></span> 
     </span>
    </p>
   </div>
   <div class='ocr_carea' id='block_1_5' title="bbox 306 2632 1387 2898">
    <p class='ocr_par' dir='ltr' id='par_1_6' title="bbox 306 2632 1387 2830">
     <span class='ocr_line' id='line_1_22' title="bbox 306 2632 1387 2703; baseline -0.005 -14"><span class='ocrx_word' id='word_1_160' title='bbox 306 2641 391 2689; x_wconf 78' lang='lat' dir='ltr'><strong>miscus</strong></span> <span class='ocrx_word' id='word_1_161' title='bbox 402 2647 428 2688; x_wconf 83' lang='lat' dir='ltr'><strong>et</strong></span> <span class='ocrx_word' id='word_1_162' title='bbox 443 2640 563 2690; x_wconf 66' lang='lat' dir='ltr'><strong>Bostram</strong></span> <span class='ocrx_word' id='word_1_163' title='bbox 581 2640 758 2703; x_wconf 62' lang='lat' dir='ltr'><strong>Rupere-18</strong></span> <span class='ocrx_word' id='word_1_164' title='bbox 775 2639 818 2688; x_wconf 76' lang='lat' dir='ltr'><strong>Al.</strong></span> <span class='ocrx_word' id='word_1_165' title='bbox 830 2638 1093 2688; x_wconf 64' lang='lat' dir='ltr'><strong>Gaetulorum-ru</strong></span> <span class='ocrx_word' id='word_1_166' title='bbox 1110 2640 1155 2688; x_wconf 80' lang='grc' dir='ltr'><strong>ΑΙ.</strong></span> <span class='ocrx_word' id='word_1_167' title='bbox 1170 2632 1387 2702; x_wconf 59' lang='lat' dir='ltr'><strong>ceap-aiaraci·</strong></span> 
     </span>
     <span class='ocr_line' id='line_1_23' title="bbox 306 2695 1386 2765; baseline -0.007 -12"><span class='ocrx_word' id='word_1_168' title='bbox 306 2709 371 2753; x_wconf 80' lang='lat'><strong>-20</strong></span> <span class='ocrx_word' id='word_1_169' title='bbox 388 2707 395 2732; x_wconf 90' lang='lat'>‘</span> <span class='ocrx_word' id='word_1_170' title='bbox 407 2704 542 2754; x_wconf 81' lang='lat' dir='ltr'><strong>Cluverius</strong></span> <span class='ocrx_word' id='word_1_171' title='bbox 555 2705 618 2752; x_wconf 82' lang='lat' dir='ltr'><strong>saris</strong></span> <span class='ocrx_word' id='word_1_172' title='bbox 630 2705 698 2752; x_wconf 83' lang='lat' dir='ltr'><strong>bona</strong></span> <span class='ocrx_word' id='word_1_173' title='bbox 710 2704 827 2752; x_wconf 80' lang='lat' dir='ltr'><strong>ratione:</strong></span> <span class='ocrx_word' id='word_1_174' title='bbox 848 2717 920 2765; x_wconf 80' lang='lat' dir='ltr'><strong>super</strong></span> <span class='ocrx_word' id='word_1_175' title='bbox 930 2703 1067 2752; x_wconf 73' lang='lat' dir='ltr'><strong>Suessulam</strong></span> <span class='ocrx_word' id='word_1_176' title='bbox 1082 2703 1108 2751; x_wconf 86' lang='lat' dir='ltr'><strong>ia</strong></span> <span class='ocrx_word' id='word_1_177' title='bbox 1117 2704 1205 2753; x_wconf 68' lang='lat' dir='ltr'><strong>matria</strong></span> <span class='ocrx_word' id='word_1_178' title='bbox 1217 2697 1355 2752; x_wconf 79' lang='lat' dir='ltr'><strong>Cluudiuar&#39;a’</strong></span> <span class='ocrx_word' id='word_1_179' title='bbox 1367 2695 1386 2745; x_wconf 81' lang='lat' dir='ltr'><strong>l·</strong></span> 
     </span>
     <span class='ocr_line' id='line_1_24' title="bbox 306 2766 1145 2830; baseline -0.001 -12"><span class='ocrx_word' id='word_1_180' title='bbox 306 2768 336 2817; x_wconf 70' lang='lat'><strong>1².</strong></span> <span class='ocrx_word' id='word_1_181' title='bbox 347 2769 511 2818; x_wconf 67' lang='lat' dir='ltr'><strong>Gronau-1</strong></span> <span class='ocrx_word' id='word_1_182' title='bbox 529 2768 569 2817; x_wconf 85' lang='grc' dir='ltr'><strong>Μ.</strong></span> <span class='ocrx_word' id='word_1_183' title='bbox 579 2769 721 2818; x_wconf 72' lang='lat' dir='ltr'><strong>Murredium</strong></span> <span class='ocrx_word' id='word_1_184' title='bbox 731 2773 901 2830; x_wconf 65' lang='lat' dir='ltr'><strong>proprmorear</strong></span> <span class='ocrx_word' id='word_1_185' title='bbox 910 2766 956 2815; x_wconf 86' lang='lat' dir='ltr'><strong>dut</strong></span> <span class='ocrx_word' id='word_1_186' title='bbox 968 2767 1145 2830; x_wconf 73' lang='lat' dir='ltr'><strong>Krepaaiqiua.</strong></span> 
     </span>
    </p>

    <p class='ocr_par' dir='ltr' id='par_1_7' title="bbox 338 2831 1385 2898">
     <span class='ocr_line' id='line_1_25' title="bbox 338 2831 1385 2898; baseline -0.008 -16"><span class='ocrx_word' id='word_1_187' title='bbox 338 2835 355 2882; x_wconf 67' lang='grc' dir='ltr'><strong>Β</strong></span> <span class='ocrx_word' id='word_1_188' title='bbox 373 2833 524 2884; x_wconf 77' lang='lat' dir='ltr'><strong>Perizonius</strong></span> <span class='ocrx_word' id='word_1_189' title='bbox 544 2833 618 2884; x_wconf 85' lang='lat' dir='ltr'><strong>Diua.</strong></span> <span class='ocrx_word' id='word_1_190' title='bbox 631 2847 651 2882; x_wconf 90' lang='lat' dir='ltr'><strong>r.</strong></span> <span class='ocrx_word' id='word_1_191' title='bbox 664 2834 697 2882; x_wconf 87' lang='lat' dir='ltr'><strong>de</strong></span> <span class='ocrx_word' id='word_1_192' title='bbox 710 2832 859 2898; x_wconf 71' lang='lat' dir='ltr'><strong>pretoriot</strong></span> <span class='ocrx_word' id='word_1_193' title='bbox 874 2835 916 2881; x_wconf 76' lang='lat' dir='ltr'><strong>lu.</strong></span> <span class='ocrx_word' id='word_1_194' title='bbox 932 2847 981 2895; x_wconf 91' lang='lat' dir='ltr'><strong>pro</strong></span> <span class='ocrx_word' id='word_1_195' title='bbox 998 2838 1126 2896; x_wconf 71' lang='lat' dir='ltr'><strong>pratum</strong></span> <span class='ocrx_word' id='word_1_196' title='bbox 1136 2831 1385 2895; x_wconf 69' lang='lat' dir='ltr'><strong>lugundunensem·</strong></span> 
     </span>
    </p>
   </div>
   <div class='ocr_carea' id='block_1_6' title="bbox 806 2973 915 3025">
    <p class='ocr_par' dir='ltr' id='par_1_8' title="bbox 806 2973 915 3025">
     <span class='ocr_line' id='line_1_26' title="bbox 806 2973 915 3025; baseline -0.018 0"><span class='ocrx_word' id='word_1_197' title='bbox 806 2973 915 3025; x_wconf 76' lang='lat' dir='ltr'>NOTAE</span> 
     </span>
    </p>
   </div>
   <div class='ocr_carea' id='block_1_7' title="bbox 304 3058 1385 4278">
    <p class='ocr_par' dir='ltr' id='par_1_9' title="bbox 304 3058 1385 4278">
     <span class='ocr_line' id='line_1_27' title="bbox 306 3058 1385 3136; baseline 0.001 -17"><span class='ocrx_word' id='word_1_198' title='bbox 306 3069 394 3119; x_wconf 86' lang='lat' dir='ltr'><strong>cbiora</strong></span> <span class='ocrx_word' id='word_1_199' title='bbox 422 3071 553 3128; x_wconf 81' lang='lat' dir='ltr'><strong>observat,</strong></span> <span class='ocrx_word' id='word_1_200' title='bbox 576 3072 620 3122; x_wconf 86' lang='lat' dir='ltr'><strong>ubi</strong></span> <span class='ocrx_word' id='word_1_201' title='bbox 641 3072 841 3136; x_wconf 84' lang='lat' dir='ltr'><strong>Compulteriua</strong></span> <span class='ocrx_word' id='word_1_202' title='bbox 880 3070 957 3121; x_wconf 81' lang='lat' dir='ltr'><strong>bodie</strong></span> <span class='ocrx_word' id='word_1_203' title='bbox 969 3071 995 3120; x_wconf 87' lang='lat' dir='ltr'><strong>in</strong></span> <span class='ocrx_word' id='word_1_204' title='bbox 1007 3071 1102 3120; x_wconf 79' lang='lat' dir='ltr'><strong>iutimo</strong></span> <span class='ocrx_word' id='word_1_205' title='bbox 1112 3070 1183 3120; x_wconf 66' lang='lat' dir='ltr'><strong>mnus</strong></span> <span class='ocrx_word' id='word_1_206' title='bbox 1199 3081 1306 3120; x_wconf 67' lang='lat' dir='ltr'><strong>mauu»</strong></span> <span class='ocrx_word' id='word_1_207' title='bbox 1316 3058 1385 3112; x_wconf 62' lang='lat' dir='ltr'><strong>M*</strong></span> 
     </span>
     <span class='ocr_line' id='line_1_28' title="bbox 305 3139 1385 3211; baseline -0.003 -19"><span class='ocrx_word' id='word_1_208' title='bbox 305 3157 435 3193; x_wconf 86' lang='lat' dir='ltr'><strong>marmora</strong></span> <span class='ocrx_word' id='word_1_209' title='bbox 445 3147 594 3198; x_wconf 84' lang='lat' dir='ltr'><strong>laudantur.</strong></span> <span class='ocrx_word' id='word_1_210' title='bbox 628 3147 712 3196; x_wconf 89' lang='lat' dir='ltr'><strong>Porro</strong></span> <span class='ocrx_word' id='word_1_211' title='bbox 729 3146 839 3197; x_wconf 74' lang='lat' dir='ltr'><strong>Coabul·</strong></span> <span class='ocrx_word' id='word_1_212' title='bbox 880 3147 997 3211; x_wconf 85' lang='lat' dir='ltr'><strong>episcopi</strong></span> <span class='ocrx_word' id='word_1_213' title='bbox 1007 3157 1036 3197; x_wconf 86' lang='lat' dir='ltr'><strong>et</strong></span> <span class='ocrx_word' id='word_1_214' title='bbox 1047 3147 1171 3210; x_wconf 68' lang='lat' dir='ltr'><strong>Proregia</strong></span> <span class='ocrx_word' id='word_1_215' title='bbox 1182 3144 1305 3197; x_wconf 79' lang='lat' dir='ltr'><strong>Sardinia</strong></span> <span class='ocrx_word' id='word_1_216' title='bbox 1314 3139 1385 3187; x_wconf 69' lang='lat' dir='ltr'><strong>redu:</strong></span> 
     </span>
     <span class='ocr_line' id='line_1_29' title="bbox 306 3210 1384 3287; baseline -0.01 -19"><span class='ocrx_word' id='word_1_217' title='bbox 306 3219 363 3268; x_wconf 82' lang='lat' dir='ltr'><strong>terii</strong></span> <span class='ocrx_word' id='word_1_218' title='bbox 378 3233 424 3270; x_wconf 84' lang='lat' dir='ltr'><strong>seu</strong></span> <span class='ocrx_word' id='word_1_219' title='bbox 438 3221 606 3272; x_wconf 77' lang='lat' dir='ltr'><strong>Gmbultrriae</strong></span> <span class='ocrx_word' id='word_1_220' title='bbox 618 3223 708 3287; x_wconf 89' lang='lat' dir='ltr'><strong>oppidi</strong></span> <span class='ocrx_word' id='word_1_221' title='bbox 719 3223 839 3272; x_wconf 87' lang='lat' dir='ltr'><strong>uomiulu-</strong></span> <span class='ocrx_word' id='word_1_222' title='bbox 880 3222 913 3272; x_wconf 87' lang='lat' dir='ltr'><strong>ad</strong></span> <span class='ocrx_word' id='word_1_223' title='bbox 933 3223 1003 3273; x_wconf 84' lang='lat' dir='ltr'><strong>lutus</strong></span> <span class='ocrx_word' id='word_1_224' title='bbox 1029 3225 1122 3273; x_wconf 75' lang='lat' dir='ltr'><strong>insulae</strong></span> <span class='ocrx_word' id='word_1_225' title='bbox 1143 3222 1270 3273; x_wconf 73' lang='lat' dir='ltr'><strong>edentula</strong></span> <span class='ocrx_word' id='word_1_226' title='bbox 1286 3220 1310 3268; x_wconf 87' lang='lat' dir='ltr'><strong>iu</strong></span> <span class='ocrx_word' id='word_1_227' title='bbox 1326 3210 1384 3262; x_wconf 85' lang='lat' dir='ltr'><strong>ueri·</strong></span> 
     </span>
     <span class='ocr_line' id='line_1_30' title="bbox 305 3289 1384 3364; baseline -0.012 -18"><span class='ocrx_word' id='word_1_228' title='bbox 305 3311 356 3363; x_wconf 89' lang='lat' dir='ltr'><strong>que</strong></span> <span class='ocrx_word' id='word_1_229' title='bbox 370 3300 481 3364; x_wconf 76' lang='lat' dir='ltr'><strong>uestigia</strong></span> <span class='ocrx_word' id='word_1_230' title='bbox 496 3301 613 3364; x_wconf 81' lang='lat' dir='ltr'><strong>agnoscit</strong></span> <span class='ocrx_word' id='word_1_231' title='bbox 632 3301 657 3350; x_wconf 90' lang='lat' dir='ltr'><strong>lu</strong></span> <span class='ocrx_word' id='word_1_232' title='bbox 678 3303 736 3350; x_wconf 83' lang='lat' dir='ltr'><strong>luco</strong></span> <span class='ocrx_word' id='word_1_233' title='bbox 750 3299 840 3350; x_wconf 73' lang='lat' dir='ltr'><strong>Senatu</strong></span> <span class='ocrx_word' id='word_1_234' title='bbox 879 3297 948 3347; x_wconf 88' lang='lat' dir='ltr'><strong>diem</strong></span> <span class='ocrx_word' id='word_1_235' title='bbox 957 3312 1085 3364; x_wconf 72' lang='lat' dir='ltr'><strong>uergens:</strong></span> <span class='ocrx_word' id='word_1_236' title='bbox 1102 3289 1384 3348; x_wconf 84' lang='lat' dir='ltr'><strong>blncmeridiouulirSur·</strong></span> 
     </span>
     <span class='ocr_line' id='line_1_31' title="bbox 305 3368 1342 3441; baseline 0.001 -18"><span class='ocrx_word' id='word_1_237' title='bbox 305 3373 390 3424; x_wconf 70' lang='lat' dir='ltr'><strong>Mulie</strong></span> <span class='ocrx_word' id='word_1_238' title='bbox 402 3379 430 3426; x_wconf 81' lang='lat' dir='ltr'><strong>de</strong></span> <span class='ocrx_word' id='word_1_239' title='bbox 444 3378 635 3440; x_wconf 65' lang='lat' dir='ltr'><strong>cucullaquon</strong></span> <span class='ocrx_word' id='word_1_240' title='bbox 648 3377 738 3440; x_wconf 89' lang='lat' dir='ltr'><strong>procul</strong></span> <span class='ocrx_word' id='word_1_241' title='bbox 752 3375 839 3426; x_wconf 80' lang='lat' dir='ltr'><strong>aciri-</strong></span> <span class='ocrx_word' id='word_1_242' title='bbox 879 3375 956 3427; x_wconf 75' lang='lat' dir='ltr'><strong>diuise</strong></span> <span class='ocrx_word' id='word_1_243' title='bbox 968 3377 1042 3440; x_wconf 76' lang='lat' dir='ltr'><strong>regio</strong></span> <span class='ocrx_word' id='word_1_244' title='bbox 1052 3376 1149 3427; x_wconf 80' lang='lat' dir='ltr'><strong>dicitur</strong></span> <span class='ocrx_word' id='word_1_245' title='bbox 1162 3377 1228 3441; x_wconf 76' lang='lat' dir='ltr'><strong>Cape</strong></span> <span class='ocrx_word' id='word_1_246' title='bbox 1240 3368 1342 3434; x_wconf 55' lang='lat' dir='ltr'><strong>Cogito&amp;</strong></span> 
     </span>
     <span class='ocr_line' id='line_1_32' title="bbox 305 3439 1383 3517; baseline 0.003 -19"><span class='ocrx_word' id='word_1_247' title='bbox 305 3451 476 3514; x_wconf 74' lang='lat' dir='ltr'><strong>miscuistis,</strong></span> <span class='ocrx_word' id='word_1_248' title='bbox 484 3455 509 3501; x_wconf 93' lang='lat' dir='ltr'><strong>in</strong></span> <span class='ocrx_word' id='word_1_249' title='bbox 517 3453 707 3517; x_wconf 76' lang='lat' dir='ltr'><strong>Campaniarad</strong></span> <span class='ocrx_word' id='word_1_250' title='bbox 717 3450 838 3502; x_wconf 84' lang='lat' dir='ltr'><strong>occiden-</strong></span> <span class='ocrx_word' id='word_1_251' title='bbox 910 3460 922 3486; x_wconf 58' lang='grc' dir='ltr'><strong>θ</strong></span> <span class='ocrx_word' id='word_1_252' title='bbox 938 3453 970 3501; x_wconf 82' lang='lat' dir='ltr'><strong>Ia</strong></span> <span class='ocrx_word' id='word_1_253' title='bbox 984 3453 1086 3502; x_wconf 82' lang='lat' dir='ltr'><strong>Pellitos</strong></span> <span class='ocrx_word' id='word_1_254' title='bbox 1096 3451 1228 3515; x_wconf 79' lang='lat' dir='ltr'><strong>[Pelliduu]</strong></span> <span class='ocrx_word' id='word_1_255' title='bbox 1238 3443 1327 3506; x_wconf 64' lang='lat' dir='ltr'><strong>Surdus]</strong></span> <span class='ocrx_word' id='word_1_256' title='bbox 1341 3439 1383 3501; x_wconf 76' lang='lat' dir='ltr'><strong>⁰l·</strong></span> 
     </span>
     <span class='ocr_line' id='line_1_33' title="bbox 307 3511 1383 3596; baseline 0.006 -24"><span class='ocrx_word' id='word_1_257' title='bbox 307 3525 475 3576; x_wconf 83' lang='lat' dir='ltr'><strong>tamfiuibus.</strong></span> <span class='ocrx_word' id='word_1_258' title='bbox 880 3525 935 3575; x_wconf 86' lang='lat' dir='ltr'><strong>timi</strong></span> <span class='ocrx_word' id='word_1_259' title='bbox 958 3527 1064 3576; x_wconf 81' lang='lat' dir='ltr'><strong>codices</strong></span> <span class='ocrx_word' id='word_1_260' title='bbox 1090 3526 1188 3576; x_wconf 82' lang='lat' dir='ltr'><strong>babeat</strong></span> <span class='ocrx_word' id='word_1_261' title='bbox 1210 3525 1312 3580; x_wconf 70' lang='lat' dir='ltr'><strong>Pauo,</strong></span> <span class='ocrx_word' id='word_1_262' title='bbox 1329 3511 1383 3596; x_wconf 52' lang='lat' dir='ltr'><strong>dili</strong></span> 
     </span>
     <span class='ocr_line' id='line_1_34' title="bbox 339 3587 1382 3668; baseline -0.002 -16"><span class='ocrx_word' id='word_1_263' title='bbox 339 3599 407 3652; x_wconf 64' lang='grc' dir='ltr'><strong>Μὰ</strong></span> <span class='ocrx_word' id='word_1_264' title='bbox 420 3603 529 3666; x_wconf 53' lang='lat' dir='ltr'><strong>curma]</strong></span> <span class='ocrx_word' id='word_1_265' title='bbox 547 3604 647 3653; x_wconf 81' lang='lat' dir='ltr'><strong>Latinis</strong></span> <span class='ocrx_word' id='word_1_266' title='bbox 666 3605 766 3655; x_wconf 79' lang='lat' dir='ltr'><strong>Gmnleu</strong></span> <span class='ocrx_word' id='word_1_267' title='bbox 781 3605 838 3668; x_wconf 88' lang='lat' dir='ltr'><strong>plu·</strong></span> <span class='ocrx_word' id='word_1_268' title='bbox 879 3600 1058 3651; x_wconf 77' lang='lat' dir='ltr'><strong>Gronoviuor:</strong></span> <span class='ocrx_word' id='word_1_269' title='bbox 1074 3609 1148 3651; x_wconf 84' lang='lat' dir='ltr'><strong>certe</strong></span> <span class='ocrx_word' id='word_1_270' title='bbox 1158 3587 1382 3652; x_wconf 67' lang='lat' dir='ltr'><strong>auann‘seu</strong></span> 
     </span>
     <span class='ocr_line' id='line_1_35' title="bbox 305 3675 1382 3744; baseline -0.01 -18"><span class='ocrx_word' id='word_1_271' title='bbox 305 3677 354 3727; x_wconf 87' lang='lat' dir='ltr'><strong>ruli</strong></span> <span class='ocrx_word' id='word_1_272' title='bbox 373 3692 489 3741; x_wconf 75' lang='lat' dir='ltr'><strong>numero,</strong></span> <span class='ocrx_word' id='word_1_273' title='bbox 513 3679 614 3730; x_wconf 77' lang='lat' dir='ltr'><strong>Gracia</strong></span> <span class='ocrx_word' id='word_1_274' title='bbox 638 3681 742 3744; x_wconf 76' lang='lat' dir='ltr'><strong>Coralis,</strong></span> <span class='ocrx_word' id='word_1_275' title='bbox 760 3681 838 3730; x_wconf 78' lang='lat' dir='ltr'><strong>Mela</strong></span> <span class='ocrx_word' id='word_1_276' title='bbox 881 3675 1272 3741; x_wconf 69' lang='lat' dir='ltr'><strong>nutrueari&#39;vocamanqnod</strong></span> <span class='ocrx_word' id='word_1_277' title='bbox 1280 3676 1382 3720; x_wconf 75' lang='lat' dir='ltr'><strong>norme·</strong></span> 
     </span>
     <span class='ocr_line' id='line_1_36' title="bbox 308 3741 1381 3821; baseline -0.007 -18"><span class='ocrx_word' id='word_1_278' title='bbox 308 3755 492 3819; x_wconf 69' lang='lat' dir='ltr'><strong>Cduriaquod</strong></span> <span class='ocrx_word' id='word_1_279' title='bbox 507 3770 595 3806; x_wconf 83' lang='lat' dir='ltr'><strong>rerum</strong></span> <span class='ocrx_word' id='word_1_280' title='bbox 614 3756 689 3821; x_wconf 86' lang='lat' dir='ltr'><strong>lrujua</strong></span> <span class='ocrx_word' id='word_1_281' title='bbox 709 3757 838 3807; x_wconf 79' lang='lat' dir='ltr'><strong>urbisne·</strong></span> <span class='ocrx_word' id='word_1_282' title='bbox 879 3755 986 3819; x_wconf 88' lang='lat' dir='ltr'><strong>proprio</strong></span> <span class='ocrx_word' id='word_1_283' title='bbox 1007 3754 1165 3804; x_wconf 83' lang='lat' dir='ltr'><strong>uestimento</strong></span> <span class='ocrx_word' id='word_1_284' title='bbox 1185 3759 1320 3802; x_wconf 77' lang='lat' dir='ltr'><strong>uterentur.</strong></span> <span class='ocrx_word' id='word_1_285' title='bbox 1345 3741 1381 3788; x_wconf 69' lang='grc' dir='ltr'><strong>Βῑ</strong></span> 
     </span>
     <span class='ocr_line' id='line_1_37' title="bbox 305 3828 1380 3890; baseline -0.005 -11"><span class='ocrx_word' id='word_1_286' title='bbox 305 3845 364 3880; x_wconf 91' lang='lat' dir='ltr'><strong>men</strong></span> <span class='ocrx_word' id='word_1_287' title='bbox 386 3831 497 3882; x_wconf 81' lang='lat' dir='ltr'><strong>uidetur.</strong></span> <span class='ocrx_word' id='word_1_288' title='bbox 531 3834 611 3884; x_wconf 84' lang='lat' dir='ltr'><strong>Certe</strong></span> <span class='ocrx_word' id='word_1_289' title='bbox 628 3833 661 3881; x_wconf 88' lang='lat' dir='ltr'><strong>ad</strong></span> <span class='ocrx_word' id='word_1_290' title='bbox 682 3834 837 3882; x_wconf 85' lang='lat' dir='ltr'><strong>hodiernum</strong></span> <span class='ocrx_word' id='word_1_291' title='bbox 877 3840 965 3884; x_wconf 83' lang='lat' dir='ltr'><strong>autera</strong></span> <span class='ocrx_word' id='word_1_292' title='bbox 982 3838 1126 3890; x_wconf 80' lang='lat' dir='ltr'><strong>mastruca,</strong></span> <span class='ocrx_word' id='word_1_293' title='bbox 1136 3830 1191 3878; x_wconf 85' lang='lat' dir='ltr'><strong>sire</strong></span> <span class='ocrx_word' id='word_1_294' title='bbox 1202 3835 1330 3885; x_wconf 68' lang='lat' dir='ltr'><strong>mastruga.</strong></span> <span class='ocrx_word' id='word_1_295' title='bbox 1339 3828 1380 3864; x_wconf 59' lang='grc' dir='ltr'><strong>’θ’</strong></span> 
     </span>
     <span class='ocr_line' id='line_1_38' title="bbox 305 3893 1380 3977; baseline -0.007 -22"><span class='ocrx_word' id='word_1_296' title='bbox 305 3909 387 3972; x_wconf 80' lang='lat' dir='ltr'><strong>magia</strong></span> <span class='ocrx_word' id='word_1_297' title='bbox 405 3910 519 3960; x_wconf 68' lang='lat' dir='ltr'><strong>occidite</strong></span> <span class='ocrx_word' id='word_1_298' title='bbox 537 3919 647 3960; x_wconf 87' lang='lat' dir='ltr'><strong>uocatur</strong></span> <span class='ocrx_word' id='word_1_299' title='bbox 657 3911 725 3959; x_wconf 90' lang='lat' dir='ltr'><strong>enim</strong></span> <span class='ocrx_word' id='word_1_300' title='bbox 737 3910 837 3970; x_wconf 86' lang='lat' dir='ltr'><strong>incolis,</strong></span> <span class='ocrx_word' id='word_1_301' title='bbox 879 3908 914 3955; x_wconf 83' lang='lat' dir='ltr'><strong>tia</strong></span> <span class='ocrx_word' id='word_1_302' title='bbox 930 3913 1044 3968; x_wconf 85' lang='lat' dir='ltr'><strong>scortea,</strong></span> <span class='ocrx_word' id='word_1_303' title='bbox 1054 3913 1101 3955; x_wconf 80' lang='lat' dir='ltr'><strong>aut</strong></span> <span class='ocrx_word' id='word_1_304' title='bbox 1111 3919 1144 3952; x_wconf 81' lang='lat' dir='ltr'><strong>eu</strong></span> <span class='ocrx_word' id='word_1_305' title='bbox 1156 3902 1269 3954; x_wconf 79' lang='lat' dir='ltr'><strong>ferarum</strong></span> <span class='ocrx_word' id='word_1_306' title='bbox 1285 3893 1380 3977; x_wconf 68' lang='lat' dir='ltr'><strong>pellibut,</strong></span> 
     </span>
     <span class='ocr_line' id='line_1_39' title="bbox 305 3971 1379 4049; baseline -0.005 -18"><span class='ocrx_word' id='word_1_307' title='bbox 305 3995 332 4031; x_wconf 82' lang='lat' dir='ltr'><strong>ur</strong></span> <span class='ocrx_word' id='word_1_308' title='bbox 344 3994 371 4033; x_wconf 86' lang='lat' dir='ltr'><strong>et</strong></span> <span class='ocrx_word' id='word_1_309' title='bbox 383 3985 517 4049; x_wconf 81' lang='lat' dir='ltr'><strong>Hispanis,</strong></span> <span class='ocrx_word' id='word_1_310' title='bbox 528 3986 623 4036; x_wconf 85' lang='lat' dir='ltr'><strong>Culler:</strong></span> <span class='ocrx_word' id='word_1_311' title='bbox 635 3985 708 4035; x_wconf 83' lang='lat' dir='ltr'><strong>Italia</strong></span> <span class='ocrx_word' id='word_1_312' title='bbox 718 3986 837 4047; x_wconf 69' lang='lat' dir='ltr'><strong>Cugliuri</strong></span> <span class='ocrx_word' id='word_1_313' title='bbox 878 3991 909 4034; x_wconf 89' lang='lat' dir='ltr'><strong>ut</strong></span> <span class='ocrx_word' id='word_1_314' title='bbox 926 3985 1043 4046; x_wconf 85' lang='lat' dir='ltr'><strong>explicat</strong></span> <span class='ocrx_word' id='word_1_315' title='bbox 1064 3981 1181 4031; x_wconf 77' lang='lat' dir='ltr'><strong>Isidorus</strong></span> <span class='ocrx_word' id='word_1_316' title='bbox 1199 3981 1245 4030; x_wconf 90' lang='lat' dir='ltr'><strong>lib.</strong></span> <span class='ocrx_word' id='word_1_317' title='bbox 1256 3989 1309 4028; x_wconf 71' lang='grc' dir='ltr'><strong>ω.</strong></span> <span class='ocrx_word' id='word_1_318' title='bbox 1322 3971 1379 4027; x_wconf 68' lang='lat'>0¹¹8·</span> 
     </span>
     <span class='ocr_line' id='line_1_40' title="bbox 304 4042 1379 4127; baseline 0 -21"><span class='ocrx_word' id='word_1_319' title='bbox 304 4058 460 4122; x_wconf 76' lang='lat' dir='ltr'><strong>Metropolis</strong></span> <span class='ocrx_word' id='word_1_320' title='bbox 480 4071 520 4110; x_wconf 81' lang='lat' dir='ltr'><strong>eet</strong></span> <span class='ocrx_word' id='word_1_321' title='bbox 540 4061 675 4110; x_wconf 74' lang='lat' dir='ltr'><strong>Sardiniae.</strong></span> <span class='ocrx_word' id='word_1_322' title='bbox 710 4062 781 4111; x_wconf 78' lang='lat' dir='ltr'><strong>Olina</strong></span> <span class='ocrx_word' id='word_1_323' title='bbox 803 4061 837 4110; x_wconf 92' lang='lat' dir='ltr'><strong>ad</strong></span> <span class='ocrx_word' id='word_1_324' title='bbox 877 4077 935 4125; x_wconf 83' lang='lat' dir='ltr'><strong>cap.</strong></span> <span class='ocrx_word' id='word_1_325' title='bbox 952 4066 993 4112; x_wconf 70' lang='lat'><strong>2³.</strong></span> <span class='ocrx_word' id='word_1_326' title='bbox 1010 4062 1168 4127; x_wconf 78' lang='lat' dir='ltr'><strong>quiveuterrr</strong></span> <span class='ocrx_word' id='word_1_327' title='bbox 1179 4042 1379 4110; x_wconf 62' lang='lat' dir='ltr'><strong>neroniani·</strong></span> 
     </span>
     <span class='ocr_line' id='line_1_41' title="bbox 304 4123 1378 4202; baseline 0.005 -22"><span class='ocrx_word' id='word_1_328' title='bbox 304 4135 507 4195; x_wconf 79' lang='lat' dir='ltr'><strong>promuntorium</strong></span> <span class='ocrx_word' id='word_1_329' title='bbox 527 4149 609 4199; x_wconf 81' lang='lat' dir='ltr'><strong>usque</strong></span> <span class='ocrx_word' id='word_1_330' title='bbox 626 4145 736 4186; x_wconf 78' lang='lat' dir='ltr'><strong>extenua</strong></span> <span class='ocrx_word' id='word_1_331' title='bbox 756 4135 837 4185; x_wconf 81' lang='lat' dir='ltr'><strong>suiuus</strong></span> <span class='ocrx_word' id='word_1_332' title='bbox 877 4138 924 4193; x_wconf 87' lang='lat' dir='ltr'><strong>cit.</strong></span> <span class='ocrx_word' id='word_1_333' title='bbox 942 4153 1001 4202; x_wconf 70' lang='lat' dir='ltr'><strong>qua</strong></span> <span class='ocrx_word' id='word_1_334' title='bbox 1021 4135 1127 4201; x_wconf 85' lang='lat' dir='ltr'><strong>proprie</strong></span> <span class='ocrx_word' id='word_1_335' title='bbox 1143 4135 1279 4184; x_wconf 83' lang='lat' dir='ltr'><strong>Sardorum</strong></span> <span class='ocrx_word' id='word_1_336' title='bbox 1293 4126 1341 4183; x_wconf 59' lang='lat' dir='ltr'><strong>uir,</strong></span> <span class='ocrx_word' id='word_1_337' title='bbox 1356 4123 1378 4166; x_wconf 70' lang='lat'><strong>⁰¹</strong></span> 
     </span>
     <span class='ocr_line' id='line_1_42' title="bbox 304 4205 1376 4278; baseline -0.013 -22"><span class='ocrx_word' id='word_1_338' title='bbox 304 4208 408 4260; x_wconf 81' lang='lat' dir='ltr'><strong>viderur</strong></span> <span class='ocrx_word' id='word_1_339' title='bbox 419 4223 453 4260; x_wconf 83' lang='lat' dir='ltr'><strong>ex</strong></span> <span class='ocrx_word' id='word_1_340' title='bbox 470 4211 615 4261; x_wconf 84' lang='lat' dir='ltr'><strong>Claudiano</strong></span> <span class='ocrx_word' id='word_1_341' title='bbox 631 4219 660 4262; x_wconf 81' lang='lat' dir='ltr'><strong>et</strong></span> <span class='ocrx_word' id='word_1_342' title='bbox 672 4211 835 4263; x_wconf 77' lang='lat' dir='ltr'><strong>Ptolemaeo:</strong></span> <span class='ocrx_word' id='word_1_343' title='bbox 876 4213 959 4278; x_wconf 82' lang='lat' dir='ltr'><strong>liquet</strong></span> <span class='ocrx_word' id='word_1_344' title='bbox 978 4227 1012 4263; x_wconf 84' lang='lat' dir='ltr'><strong>aa</strong></span> <span class='ocrx_word' id='word_1_345' title='bbox 1035 4212 1128 4265; x_wconf 84' lang='lat' dir='ltr'><strong>eodem</strong></span> <span class='ocrx_word' id='word_1_346' title='bbox 1152 4211 1208 4263; x_wconf 84' lang='lat' dir='ltr'><strong>Cic.</strong></span> <span class='ocrx_word' id='word_1_347' title='bbox 1222 4223 1275 4274; x_wconf 27' lang='lat' dir='ltr'><strong>‘pre</strong></span> <span class='ocrx_word' id='word_1_348' title='bbox 1294 4205 1376 4254; x_wconf 74' lang='lat' dir='ltr'><strong>Scauro,</strong></span> 
     </span>
    </p>
   </div>
   <div class='ocr_carea' id='block_1_8' title="bbox 0 0 1464 4767">
    <p class='ocr_par' dir='ltr' id='par_1_10' title="bbox 0 0 1464 4767">
     <span class='ocr_line' id='line_1_43' title="bbox 0 0 1464 4767; baseline 0 1"><span class='ocrx_word' id='word_1_349' title='bbox 0 0 1464 4767; x_wconf 95' lang='lat' dir='ltr'><strong> </strong></span> 
     </span>
    </p>
   </div>
  </div>
 </body>
</html>
