2917 4767
734 412 769 461 Τ.
794 410 889 461 blVll

408 550 520 632 populo
531 552 761 631 triumpharunt:
783 552 887 611 iterum
901 546 1030 610 Kalend.
1046 548 1134 611 Febr.
1149 547 1275 620 Fabius,
1295 548 1380 609 No-

409 649 454 707 nis
465 647 583 717 Junius,
596 647 633 706 de
647 646 817 706 Sallentinis
830 654 860 707 et
874 645 1089 725 Messapiorum
1102 654 1200 724 gente,
1210 664 1281 725 quae
1299 644 1380 705 Sal·

408 743 535 803 lentinos
546 743 665 803 scoolus
676 743 794 803 auxiliis
801 745 931 821 juverat.

448 846 498 900 14.
521 838 555 899 Is
567 838 634 898 finis
645 848 825 919 eotempore
843 837 987 897 bellorum
1008 835 1181 895 Italicorum
1194 835 1267 895 luit:
1295 856 1378 895 narn

409 934 487 1014 quod
500 954 579 994 anno
590 944 756 1014 sequente}
777 934 819 999 Q.
835 932 929 993 Fabio
952 930 1077 1009 Gurgite
1094 932 1221 1001 tertium,
1236 930 1272 991 L.
1292 931 1378 991 Mn·

408 1030 489 1089 milio
503 1029 609 1091 Vitulo
620 1015 800 1101 consulibus,
814 1028 853 1087 sd
868 1026 1020 1088 Volsinios
1030 1036 1142 1105 gestum
1155 1037 1210 1096 est,
1220 1047 1279 1086 non
1295 1046 1376 1087 cum
1432 1014 1440 1029 ⁸

402 1126 491 1203 justis
512 1126 643 1185 hostibus
662 1125 784 1195 bellum,
798 1122 849 1183 sed
870 1123 1023 1184 adversum
1036 1121 1162 1181 scelesta
1174 1122 1296 1181 servitis
1313 1142 1377 1201 pro

246 1232 312 1281 Flet.
325 1247 344 1283 1.
353 1236 395 1284 sl.
407 1222 493 1281 sociis
505 1221 578 1280 ultio
590 1221 654 1280 fuir„
685 1220 875 1281 Etruscorum
886 1236 956 1297 gens
969 1216 1198 1297 opulentissima,
1214 1215 1373 1287 Volsinii,

408 1314 497 1374 fidem
508 1316 609 1396 populi
623 1316 753 1375 Romani
775 1324 878 1375 oontm
898 1334 998 1373 servos
1009 1311 1158 1391 quondam
1171 1332 1239 1371 suos
1253 1311 1373 1391 implo-

244 1426 328 1477 zonar.
407 1411 510 1469 rabat:
540 1412 585 1469 usi
603 1412 680 1471 enim
703 1413 803 1491 inepto
822 1408 955 1477 consilio,
976 1408 1037 1467 sive
1058 1407 1137 1487 quod
1162 1406 1374 1486 superioribus

407 1505 493 1565 bellis
506 1507 622 1566 attritas
634 1508 710 1567 vires
722 1509 765 1566 ita
778 1504 901 1565 recreari
918 1524 1002 1583 posse
1023 1502 1191 1582 sperabant,
1205 1501 1267 1561 sive
1283 1501 1371 1561 deli-

406 1602 460 1661 ciis
472 1602 527 1681 ipsi
539 1600 712 1672 diffluentes,
727 1620 870 1661 armorum
892 1598 1021 1659 laborem
1041 1596 1205 1675 fugiebant,
1216 1598 1314 1655 servis
1328 1598 1371 1655 li-

244 1702 332 1814 nicoli·
339 1702 394 1831 ⁸Apa·
406 1697 519 1757 bertste
531 1706 563 1757 et
573 1697 693 1757 ciuitate
714 1692 832 1756 donatis
844 1714 881 1754 ea
894 1693 1092 1775 permiserunt.
1136 1690 1212 1751 Inde
1224 1712 1369 1754 commu·

245 1830 329 1879 Velss.

407 1885 471 1947 fieri
484 1896 641 1968 coeperunt.
663 1886 714 1947 lta
727 1887 809 1947 brevi
823 1885 965 1966 oppressis
973 1883 1119 1943 veteribus
1126 1883 1250 1952 civibus,
1261 1894 1365 1943 unns

170 2014 172 2018 ·
243 1989 307 2041 Hor.
407 1981 526 2062 lataque
540 1984 569 2042 in
582 1981 894 2063 ssrepublics,detam
908 1978 1060 2038 adominis
1072 1977 1236 2037 libertatern
1250 1978 1364 2039 adver-

244 2088 455 2141 Orosrv.s.sus
475 2081 553 2158 ipsos
573 2078 795 2138 insolentissime
815 2082 1024 2135 exercuerunt:
1051 2081 1199 2132 matronas
1217 2073 1366 2133 honestas

405 2173 588 2251 virginesque
602 2174 724 2252 pervim
737 2171 935 2250 constuprari;
958 2170 1069 2229 maritis
1078 2168 1306 2248 parentibusque
1320 2169 1363 2229 de

405 2268 512 2344 injuria
524 2268 780 2345 conquerentibus,
793 2285 846 2345 pro
864 2264 995 2325 vindicta
1009 2262 1106 2343 legum
1118 2264 1315 2323 contumelias
1328 2274 1363 2323 et

401 2360 530 2420 ludibria
550 2361 687 2441 rependi;
717 2362 838 2420 arbitrio
858 2360 1152 2439 petulantissimorurn
1174 2357 1361 2418 nebulonum

403 2455 478 2533 rapi,
492 2456 579 2525 trebi,
592 2456 696 2514 vexari
706 2456 816 2525 omnia,
827 2455 971 2513 Volsiniis
978 2456 1045 2532 jam
1058 2453 1087 2511 in
1102 2473 1210 2513 morem
1221 2464 1359 2513 venerat.

291 2604 303 2625 ,
405 2548 495 2609 Neve
514 2558 700 2629 praetereatur
723 2550 833 2627 insigne
855 2557 1083 2619 monumentum,
1097 2568 1184 2628 quem
1204 2546 1243 2608 sd
1265 2548 1359 2608 linem

404 2643 551 2703 servilium
564 2644 726 2703 animorum
738 2643 869 2703 belluina
882 2643 1064 2722 impudentia
1080 2644 1171 2723 possit
1183 2643 1359 2722 procedere,

258 2758 315 2809 m
323 2753 393 2807 Mu,
403 2740 429 2797 si
442 2748 532 2799 nacta
545 2740 704 2819 potentiam
718 2738 815 2807 fuerit,
830 2737 894 2816 lege
908 2738 970 2797 lats
981 2747 1151 2807 sanxerunt,
1164 2746 1173 2772 ‘
1188 2739 1230 2796 uti
1243 2738 1360 2799 liberti-

243 2826 393 2873 ¹¹·¹·2·⁰¹i
405 2836 451 2893 nis
471 2834 501 2894 in
524 2843 710 2914 patronorum
730 2832 809 2893 filias
830 2852 866 2893 no
885 2852 991 2892 uxores
1010 2834 1102 2912 stupri
1118 2834 1170 2910 jus
1183 2842 1276 2899 esset;
1297 2833 1355 2893 flo-

405 2949 524 3008 remque
547 2930 666 3008 virginis
687 2930 813 3007 ingenuo
835 2937 967 3007 nupturae
990 2927 1114 3006 primurn
1131 2926 1238 3007 aliquis
1247 2946 1288 2987 ex
1300 2948 1358 2989 suo

406 3024 506 3085 ordine
521 3024 685 3084 delibaret?

242 3126 325 3177 zoam
447 3128 496 3181 15.
519 3120 722 3181 Volsinienses
734 3120 820 3199 igitur
831 3130 956 3190 veteres,
967 3140 1035 3179 cum
1048 3140 1143 3199 neque
1155 3118 1230 3179 ferre
1242 3117 1357 3180 diutius

258 3222 333 3274 Auca.
347 3224 378 3274 ds
406 3216 537 3276 miserias
549 3217 629 3286 istas,
646 3236 742 3294 neque
763 3215 932 3294 propulsare
950 3214 1059 3275 viribus
1071 3214 1129 3274 suis
1142 3224 1271 3293 possent
1284 3236 1356 3275 con·

242 3289 373 3400 ffl'm
406 3312 471 3370 silio
483 3309 563 3370 elam
575 3312 693 3369 interse
707 3309 821 3379 habito,
836 3308 948 3388 legatos
969 3309 1099 3370 Romam
1122 3310 1236 3369 mittere
1249 3309 1355 3371 decre·

243 3414 327 3464 Ζοιιιι.
404 3415 518 3465 verunt.
561 3404 590 3463 Ii
602 3404 721 3464 seeretis
734 3404 869 3483 precibus
877 3404 1033 3484 impetrato
1046 3405 1088 3464 uti
1102 3405 1224 3484 privetis
1236 3406 1266 3463 in
1280 3407 1353 3465 mdi-

403 3500 458 3558 bus
478 3506 596 3559 senatus
616 3507 777 3577 cogeretur,
800 3500 971 3579 (perniciem
993 3500 1070 3559 enim
1090 3500 1157 3570 sibi,
1174 3501 1198 3559 si
1211 3520 1258 3560 res
1270 3520 1354 3561 ema·

403 3604 510 3663 namet,
525 3594 739 3674 impendentem
759 3594 1000 3674 prospiciebant)
1020 3594 1150 3655 oratione
1163 3593 1256 3655 flebili
1269 3596 1353 3656 cals-

403 3689 520 3749 minares
539 3691 619 3749 urbis
637 3709 699 3750 suae
720 3699 933 3769 exposuerunt:
956 3708 1016 3767 qua
1036 3692 1107 3749 moti
1129 3690 1250 3763 Patres,
1263 3710 1352 3770 opem

403 3784 513 3843 miseris
534 3784 573 3845 sd
595 3783 794 3864 recuperanda
815 3784 937 3863 pristinu
953 3786 1024 3861 jura
1044 3786 1246 3865 promiserunt.
1289 3786 1352 3846 Sed

403 3878 467 3940 hsec
477 3900 543 3940 cum
557 3890 626 3941 acts
637 3889 751 3940 secreto
773 3888 953 3959 putarentur,
976 3879 1011 3938 iis
1022 3880 1073 3957 qui
1090 3879 1208 3939 fuerant
1220 3884 1351 3941 accusati

302 4019 310 4036 .
404 3994 455 4052 par
469 3974 632 4037 Samnitem
644 3974 792 4054 quendam
806 3974 935 4035 iudicata
947 3984 1022 4033 sunt.
1058 3973 1101 4044 Is,
1115 3994 1182 4034 cum
1196 3976 1225 4035 in
1239 3976 1355 4037 sedibus

692 4183 706 4217 s
722 4173 758 4224 Α.
770 4174 802 4225 υ.
814 4174 843 4227 c.
854 4178 911 4228 sss.
927 4174 960 4226 Α.
973 4174 1070 4227 uss-5.
1086 4228 1088 4231 .
