2917 4767
682 299 718 347 Τ.
741 299 838 349 blVll

329 456 342 473 ‘
364 442 496 503 hortatus
515 440 634 512 milites,
647 451 679 501 et
695 450 794 503 cetera
806 461 874 522 que
886 440 1060 520 suggerebat
1072 440 1147 499 ratio
1158 437 1342 517 diligenter

364 548 517 608 executus,
531 537 661 598 nondum
680 548 761 597 certa
782 538 847 597 luce
867 538 970 597 castris
988 536 1145 615 egreditur,
1161 536 1343 613 aciemque
1447 538 1448 567 ³

365 634 396 692 in
417 634 571 694 adversum
591 633 709 705 collem,
723 634 773 693 ubi
795 633 1081 710 Carthaginiensium
1102 642 1188 691 erant
1210 638 1342 699 casua,

365 730 460 807 erigit

382 844 385 847 ’
406 831 455 885 18.
477 823 589 884 Poeuos
600 825 664 904 ipsa
682 824 776 903 pnmo
789 823 997 884 Romanorum
1009 822 1136 884 audacia
1148 822 1341 889 territabat,
1447 818 1448 895 ᾗ

365 918 445 999 quod
466 939 589 979 numero
608 920 761 999 pauciores
774 939 813 978 ex
826 918 960 979 inferiore
974 919 1040 979 loco
1053 926 1151 977 taum
1163 918 1285 996 copias
1308 917 1342 975 in
1447 918 1448 923 ’

365 1016 551 1074 munimentis
571 1015 630 1074 suis
650 1014 912 1093 aggrediebantur:
937 1012 1044 1075 deiude
1065 1014 1159 1090 major
1180 1012 1261 1071 inde
1287 1022 1340 1070 tu·

366 1111 474 1170 inultus
494 1110 562 1181 fuit,
585 1110 666 1189 quod
685 1111 798 1190 equites
821 1118 852 1169 et
873 1108 1034 1189 elephanti,
1059 1107 1137 1167 unde
1159 1106 1341 1187 plurimum
1447 1170 1448 1189 ,

367 1205 470 1265 auxilii
495 1206 700 1285 spemviseent,
725 1226 783 1265 noa
814 1204 903 1267 modo
928 1204 1040 1263 nullam
1068 1202 1247 1272 utilitatem,
1279 1201 1339 1262 sed.
1447 1214 1448 1233 ³

367 1300 443 1359 ultro
469 1302 716 1379 perturbationem
740 1309 773 1359 et
797 1298 1036 1380 impedimentum
1062 1297 1254 1357 afferebant:
1288 1298 1340 1376 ip-

366 1414 430 1454 ⁸l¹¹¹¹
450 1414 568 1473 (1110(111(Ξ
588 1405 703 1475 tempus
723 1397 851 1473 augebat
868 1393 1104 1474 trepidationem,
1121 1392 1204 1473 quod
1226 1392 1337 1472 inopi.

224 1528 239 1559 0
283 1545 291 1561 ,
367 1498 471 1549 nanta
489 1500 521 1549 et
541 1510 678 1570 maguam
699 1500 812 1571 partem
829 1489 927 1549 adhuc
939 1490 1051 1568 sopitos
1063 1488 1223 1547 Romanus
1239 1489 1337 1547 iuva·

368 1596 455 1645 serat
491 1585 599 1665 Itaque
611 1586 698 1647 multi
710 1587 771 1646 stris
782 1587 812 1645 in
824 1585 971 1646 cubilibus
985 1583 1123 1645 trucidati
1136 1592 1223 1642 sunt:
1249 1581 1335 1642 alios

368 1682 484 1762 trepida
495 1680 567 1760 iugo
578 1681 724 1761 palantes,
739 1692 770 1741 et
781 1702 840 1761 quo
852 1701 883 1739 se
894 1680 1056 1759 reciperent
1066 1678 1190 1747 nescios,
1206 1676 1334 1737 insidias

367 1776 527 1838 aemndum
540 1777 604 1837 vias
615 1777 770 1837 collocatae
783 1784 972 1856 exceperunt.
1015 1774 1208 1835 Merceuariis
1221 1782 1332 1833 tamen

368 1870 530 1932 Ptencrum
551 1872 696 1952 Hispanis
717 1872 874 1951 Galliaque
891 1870 997 1949 raptim
1011 1868 1169 1938 instructis,
1182 1876 1215 1927 et
1235 1876 1334 1927 extra

367 1965 480 2027 vallum
494 1968 630 2027 alacriter
642 1969 833 2039 certantibus,
847 1968 877 2026 in
890 1965 1013 2044 ancipiti
1027 1962 1209 2042 aliquamdiu
1225 1964 1329 2023 victo-

368 2061 413 2120 ria
432 2061 498 2132 fuit,
511 2062 641 2139 fugiente
656 2065 723 2139 jam
745 2062 858 2139 legione
878 2061 989 2141 prima:
1012 2067 1147 2137 musque
1165 2056 1330 2117 Romano-

369 2175 433 2214 rum
445 2157 594 2215 exercitus
609 2157 749 2235 impulsus
770 2157 855 2227 foret,
877 2156 907 2213 ni
927 2154 1071 2224 cohortes,
1092 2151 1153 2212 alia
1174 2172 1214 2213 ex
1238 2162 1329 2233 parta

369 2249 561 2327 circumgredi
579 2250 682 2327 jussa,
704 2251 817 2311 besum
838 2250 1011 2311 cedentibus
1034 2250 1190 2309 instantem
1213 2268 1328 2329 oppor-

369 2352 439 2403 tune
460 2364 480 2403 a
492 2353 574 2422 tergo
587 2364 729 2422 aggressa
743 2346 846 2405 forent.
886 2332 965 2405 Tum
976 2344 1067 2405 etiam
1083 2346 1135 2424 qui
1147 2343 1241 2424 paulo
1253 2353 1326 2403 ante

369 2438 466 2497 locum
486 2438 684 2510 deseruerant,
705 2440 848 2519 recolligi,
870 2450 902 2501 et
922 2440 961 2499 ad
981 2439 1170 2521 repetendam
1190 2458 1326 2520 pugnam

368 2534 493 2593 animari
511 2542 641 2613 potuere.
684 2533 735 2593 Sic
748 2537 894 2614 utrimque
907 2537 1057 2615 impetitus
1069 2536 1170 2605 hostis,
1183 2553 1253 2595 cum
1267 2533 1325 2594 alis

367 2627 508 2708 quamdin
520 2628 675 2688 fortissime
688 2630 851 2701 restitisset,
865 2631 969 2691 cedere
982 2640 1104 2691 coactus
1115 2640 1169 2689 est.

408 2730 459 2784 19.
481 2722 583 2789 Quod-
593 2724 645 2783 ubi
658 2723 721 2783 fieri
739 2724 995 2803 Carthaginienses
1006 2724 1116 2796 ridere,
1131 2726 1272 2786 continuo
1289 2746 1322 2789 aa

367 2820 489 2897 ejiciunt
500 2820 613 2889 castis,
628 2827 660 2877 et
670 2828 810 2880 contento
822 2821 919 2880 studio
931 2820 1058 2899 fugiunt.
1101 2820 1144 2879 Et
1155 2821 1323 2900 elephantis

367 2913 487 2993 quidem
499 2914 715 2994 equitibusque,
727 2924 883 2995 postquam
898 2915 1031 2995 planiora
1044 2916 1112 2975 loca
1123 2917 1260 2993 attigere,
1275 2915 1322 2975 fa·

367 3008 434 3069 cilis
452 3018 484 3069 et
503 3018 584 3070 tubas
603 3021 737 3090 receptus
749 3011 824 3071 fuit:
846 3011 1010 3091 peditatum
1023 3011 1113 3092 paulo
1126 3011 1241 3089 longius
1253 3030 1321 3091 per·¹

269 3157 278 3176 ,
367 3106 606 3176 secuti-victores,
617 3105 655 3165 ad
666 3114 763 3166 castra
772 3105 936 3187 diripienda
944 3106 1100 3166 redierunt.
1135 3105 1320 3186 Hacpugna

206 3499 278 3549 Oros.

205 3685 291 3750 rou

369 3198 530 3259 Poenorum
549 3199 756 3278 septemdecim
778 3202 872 3261 millia
891 3220 979 3273 caasa,
993 3202 1122 3281 quinque
1141 3210 1231 3281 capta
1244 3200 1320 3261 rete·-

369 3303 481 3363 runtnr,
507 3313 574 3352 cum
607 3294 769 3373 elephantis
802 3294 1015 3375 duodeviginti.
1071 3298 1203 3357 Eventus
1230 3296 1319 3375 hujus

369 3387 463 3467 prelii
482 3406 539 3447 noa
558 3387 646 3448 modo
666 3397 759 3448 totam
772 3392 852 3451 circa
863 3393 1020 3470 regionem,
1033 3392 1085 3452 sed
1101 3394 1190 3452 etiam
1203 3379 1319 3469 longius

367 3480 486 3541 dissitos
505 3481 630 3562 populos
650 3484 796 3546 Romanis
817 3488 996 3558 conciliarit,
1015 3487 1177 3568 diebusque
1195 3508 1255 3547 non
1276 3486 1317 3547 ita

368 3574 469 3637 mutis
488 3577 599 3657 oppida
616 3581 733 3640 circiter
753 3582 902 3660 octoginta
922 3584 952 3642 in
965 3583 1055 3645 iidem
1067 3604 1182 3645 venere.
1226 3579 1316 3641 Unde

369 3671 480 3735 Poenos
501 3672 531 3731 in
548 3694 671 3753 magum
690 3678 839 3755 engratiae
859 3678 994 3739 mdactoe
1013 3678 1223 3759 propemodum
1243 3701 1315 3743 exa·

369 3768 493 3833 rimavit
510 3770 591 3849 capti
612 3789 632 3829 a
649 3768 770 3849 Regulo
791 3772 914 3833 Tunetis
928 3774 1072 3845 nuntium,
1086 3775 1166 3835 urbis
1177 3784 1239 3837 tam
1251 3797 1314 3837 mu·-

205 3879 357 3930 Lruna.
368 3863 448 3934 nite,
461 3872 492 3923 et
503 3884 571 3943 que
584 3863 622 3925 ad
633 3866 944 3944 quintumdecimum¹³
958 3888 978 3928 a
991 3869 1171 3949 Carthagine
1185 3871 1313 3952 lapidem

369 3959 476 4038 posita,
489 3978 525 4018 ne
538 3959 685 4027 occultum
698 3960 817 4048 quidem
830 3964 960 4025 hostibus
970 3964 1077 4025 sineret
1089 3984 1162 4037 csse,
1173 3967 1312 4045 quicquid

446 4120 476 4166 lt
493 4116 535 4168 lta
545 4117 622 4170 Creu.
633 4133 666 4171 ex
677 4120 734 4172 Lir.
745 4134 813 4175 m.
823 4128 849 4176 ⁹.
882 4125 950 4179 Edd.
962 4141 1015 4193 prr.
1026 4129 1058 4179 od
1068 4127 1238 4183 disiectum·
