2917 4767
243 320 330 389 16oe
725 332 759 381 r.
785 334 877 381 mvn

242 478 378 528 Ftoana.
406 477 526 537 edoctus
546 496 566 537 e
584 476 711 557 pueritia
729 474 908 538 excellenter
929 474 1036 543 lucrm,
1055 492 1141 533 mum
1167 474 1217 533 rei
1236 472 1371 531 militatis

243 572 330 639 Polyb.
405 573 485 633 haud
510 572 673 631 inferiorem
698 570 884 647 adjunxerat.
939 568 997 628 Ille
1019 570 1105 627 rebus
1132 588 1214 647 quae
1241 588 1371 647 eousque

337 726 342 737 ,
405 678 495 746 μείω
513 677 598 727 erant
615 666 782 736 intellectis,
803 674 833 724 et
853 664 966 745 reliquo
987 664 1178 723 Punicarum
1199 666 1369 743 copiarum,

321 749 324 754 ’
403 764 637 843 elephantorum,
657 763 789 841 equitum
810 770 953 841 apparatu
974 760 1102 840 cognito,
1124 778 1194 819 non
1217 758 1371 825 dubitarit

399 860 515 936 jactare
527 859 636 939 palam,
651 858 928 935 ‘Carthaginienses
940 876 998 915 non
1011 875 1030 914 a
1043 855 1214 925 Romanis,
1224 854 1282 913 sed
1296 875 1316 913 a
1326 876 1368 913 ee-

404 955 534 1034 metipsis
553 954 647 1013 victos
665 972 739 1023 eme,
762 972 814 1032 per
833 952 1007 1031 imperitiam
1027 950 1150 1021 ducum,
1176 950 1236 1027 qui
1259 950 1369 1008 viribus

402 1050 462 1108 suis
484 1050 527 1107 uti
548 1048 756 1108 nescivissent’
810 1046 883 1106 Hoc
906 1066 1036 1105 sermone
1062 1044 1209 1106 celeriter
1233 1045 1366 1121 vulgato,

403 1153 524 1203 vocatam
544 1164 563 1202 a
584 1142 802 1221 magistratibus
824 1142 1027 1221 Xanthippus,
1050 1140 1186 1199 rationes
1211 1141 1367 1199 sententie

401 1258 462 1297 suae
483 1239 671 1317 promittam
690 1237 851 1306 evidentes,
864 1246 898 1296 ut
915 1256 1005 1317 prope
1024 1238 1163 1295 menibus
1183 1236 1364 1295 contrectari

402 1334 522 1412 possint.
563 1334 602 1392 In'
621 1332 768 1393 faciundis
785 1332 945 1403 itineribus,
969 1333 998 1391 in
1017 1332 1120 1391 casula
1143 1331 1315 1411 ponendis,
1337 1330 1363 1389 iu

401 1426 510 1505 praeliis
528 1428 755 1498 committendis,
770 1428 837 1487 loca
849 1448 964 1508 prorsus
981 1425 1170 1486 incommoda
1184 1426 1283 1503 deligi
1295 1446 1361 1485 con-

401 1524 526 1581 suevisse
546 1523 641 1583 docet
684 1523 718 1583 si
738 1542 823 1583 suum
844 1522 997 1581 consilium
1014 1521 1148 1592 audiant,
1164 1540 1232 1581 non
1251 1519 1362 1579 incolu-

401 1618 533 1677 mitatem
554 1618 653 1688 modo‚
666 1619 719 1678 sed
736 1619 826 1677 etiam
846 1617 998 1679 victoriam
1019 1616 1177 1696 promittit.
1226 1616 1360 1675 Probent

401 1712 479 1771 hanc
498 1714 673 1773 sententiam
692 1733 760 1773 cum
780 1713 869 1772 ceteri
888 1712 1018 1771 civitatis
1038 1711 1200 1791 principes,
1223 1720 1290 1769 tum
1308 1711 1358 1789 ipsi

318 1843 326 1860 .
401 1805 509 1866 duces:
534 1817 566 1866 et
577 1807 720 1867 laudabili
733 1808 877 1867 modestia
889 1808 991 1887 petria
1004 1806 1092 1866 saluti
1104 1826 1193 1866 suam
1205 1807 1357 1865 existima-

402 1902 510 1962 tionem
530 1904 749 1982 posthabentes,
761 1903 872 1963 homini
892 1903 1043 1981 peregrino
1055 1901 1255 1961 deferendum
1269 1903 1357 1980 impe-

402 1998 477 2056 rium
489 2000 636 2057 exercitus
647 1998 691 2057 sui
704 1998 890 2057 consentiunt
903 1998 1154 2075 consciscuntque.

442 2100 492 2152 23.
513 2093 708 2173 Xanthippus
726 2102 849 2171 accepta
869 2100 1014 2171 potestate
1031 2092 1164 2170 quotidie
1187 2090 1301 2150 milites
1319 2108 1354 2147 ex

402 2188 474 2245 urbe
492 2186 632 2256 educam,
652 2188 864 2265 campestrihus
883 2187 1030 2246 exercitiis
1049 2186 1088 2245 ed
1109 2185 1274 2247 servandos
1292 2204 1352 2264 per·

401 2280 594 2339 mutandosve
605 2279 732 2349 ordines,
746 2280 911 2359 ducumque
920 2284 1005 2361 Jussa
1016 2281 1150 2341 celeriter
1164 2278 1352 2359 exequenda,

402 2374 575 2434 assuefacit:
600 2377 702 2453 copias
721 2375 799 2435 hanc
821 2375 1005 2455 disciplinam
1025 2396 1093 2435 cum
1114 2378 1213 2456 priore
1235 2392 1350 2454 compa·

402 2478 499 2528 rantes
523 2468 716 2528 admiratione
739 2471 795 2539 sui,
819 2470 988 2549 fiduciaque
1007 2471 1136 2530 melioris
1156 2470 1274 2531 deinde
1289 2486 1350 2527 suc·

401 2583 498 2624 oeasus
518 2563 638 2642 implet:
658 2573 722 2625 tota
742 2564 846 2623 civitas
866 2574 998 2625 recreata
1017 2586 1055 2625 ex
1070 2567 1158 2625 rebus
1171 2566 1236 2626 fere
1250 2564 1348 2642 despe-

401 2658 472 2717 ratis
484 2658 522 2717 ad
535 2659 770 2737 expectationem
781 2658 870 2717 bituri
883 2660 1012 2737 erigitur.
1055 2658 1149 2721 Hanc
1166 2660 1348 2720 macrimtem

400 2754 531 2813 omnium
551 2754 602 2811 ubi
613 2754 705 2812 duces
715 2753 828 2824 vident,
843 2755 940 2813 animo
953 2764 984 2813 et
996 2756 1051 2835 ipsi
1063 2765 1183 2835 recepto
1196 2755 1228 2814 in
1241 2756 1346 2813 hostem

400 2850 505 2908 iterum
517 2847 623 2908 ducere
636 2851 836 2909 constituunt:
855 2868 980 2927 suosque
995 2850 1038 2908 uti
1052 2858 1169 2929 tempus
1182 2847 1348 2931 poatarlabet

399 2943 559 3015 adhortati,
571 2961 639 3004 cum
659 2943 815 3005 duodecim
836 2942 897 3003 sere
919 2944 1048 3004 millibus
1067 2945 1213 3025 pediturn,
1227 2952 1346 3023 quatuor

400 3040 543 3118 equitum,
556 3049 587 3099 et
606 3039 770 3119 elephantis
790 3058 847 3098 non
861 3038 954 3098 multo
966 3041 1152 3119 paucioribus
1164 3048 1284 3099 centum
1297 3035 1344 3095 ad·

399 3154 499 3194 versus
520 3134 675 3194 Romanos
697 3133 929 3213 progrediuntur.
981 3134 1135 3195 Romanoa
1157 3152 1248 3194 unum
1274 3128 1341 3189 illud

400 3230 548 3298 movebat,
561 3230 643 3307 qaod
656 3229 789 3287 instituto
800 3229 895 3307 priore
909 3238 1021 3291 mumto
1038 3230 1159 3301 Poenos,
1172 3229 1274 3291 vitatis
1284 3224 1343 3284 edi-

399 3323 522 3381 tioribus
542 3323 709 3402 asperisque
730 3322 813 3393 locis,
837 3344 888 3403 per
908 3324 997 3403 plana
1015 3342 1185 3405 camporum
1208 3322 1342 3385 videbant

312 3463 320 3478 .
400 3416 554 3475 incedere:
575 3415 628 3475 sed
641 3425 782 3496 perpetua
795 3418 936 3479 felicitate
951 3420 980 3479 in
993 3420 1161 3499 superbiam
1172 3420 1255 3489 elati,
1268 3414 1340 3477 vinci

399 3510 502 3569 solitas
514 3511 614 3590 copias
624 3510 833 3592 ductoremque
848 3512 1021 3577 cremium
1034 3514 1246 3595 despiciebant.
1278 3508 1310 3569 N
1311 3529 1338 3566 e·

399 3624 457 3682 que
470 3604 606 3684 Regulus
618 3609 745 3667 intectus
758 3618 822 3667 erat
833 3610 889 3668 hoc
901 3609 1025 3669 fortuma
1037 3612 1225 3689 obsequentis
1236 3603 1338 3667 blando

342 3720 348 3731 ·
399 3720 522 3761 veneno.
564 3701 661 3781 Igitur
674 3723 748 3762 'cum
769 3724 800 3763 se
821 3704 981 3764 maritimas
1003 3706 1164 3765 Poenorum
1182 3707 1336 3773 vires,cum

237 3809 386 3885 hecatem.
399 3796 546 3877 pedestres
569 3797 699 3875 fregisse,
723 3798 835 3879 oppida
857 3799 948 3859 terme
974 3799 1112 3871 ducenta,
1135 3802 1281 3861 homiuum
1303 3790 1335 3851 ad

237 3876 339 3926 mm·
347 3880 388 3926 ⁴⁰·
398 3892 527 3952 ducenta
546 3892 641 3952 millia
659 3893 783 3973 cepisse,
798 3895 957 3975 urbemque
978 3896 1071 3975 ipsam
1090 3894 1238 3956 Punicam
1258 3888 1335 3952 veslit

400 3987 591 4049 incommodis
611 3988 793 4048 laborantem
811 3991 878 4067 cogi
899 3990 937 4050 ad
958 3991 1138 4053 deditionem
1160 4010 1244 4073 posse
1258 4003 1334 4065 repu·

400 4091 494 4152 taret3
527 4103 630 4163 pacem
661 4084 808 4145 tolerabili
836 4086 1002 4150 conditione
1028 4090 1192 4170 petentibus
1216 4079 1332 4163 negavit,
