2917 4767
411 401 518 453 urani
543 400 599 451 xi.
622 400 947 455 suernnusuruu.
1158 390 1246 465 1⁴19

120 542 248 617 maxime
255 541 395 603 d'mtineri
409 562 515 622 pacem
524 543 650 603 civitatis
658 542 842 623 intelligeret,
851 543 932 625 quod
938 545 1014 609 scits
1024 565 1079 611 sus

122 639 279 709 mntemni,
294 636 455 718 legemque
464 637 628 699 Publiliam
636 640 744 719 sperni,
757 639 842 721 plebs
853 639 970 719 iud'que
978 640 1077 714 terret,
1105 644 1162 696 tir.
1181 662 1242 699 vus.

122 754 292 814 quenquam
304 732 410 793 multis
424 732 644 806 reluctantibus,
652 733 816 795 cedendum
823 735 1002 816 temporibus
1014 756 1077 799 esse
1087 713 1130 761 ¹¹⁰

118 832 251 890 censuit:
262 850 404 909 novaqoe
413 829 478 907 lege
489 830 519 889 in
532 829 707 891 AEsculeto'
722 829 786 890 lata
798 831 902 893 iterum
915 832 1079 895 accuratius
1103 838 1170 891 Plio.
1183 855 1239 889 arr.

116 926 230 997 unxit,
244 934 254 962 ⁴
265 934 312 997 ut,
323 923 405 1005 quod
419 924 521 1007 plebes
527 925 673 1005 jussisset,
687 945 788 986 omues
800 926 933 993 Quirites
946 930 1079 999 teneret!
1089 908 1131 1015 ¹2¹
1163 966 1222 1019 (ω,

118 1018 183 1081 His
204 1020 335 1099 aliisque
356 1018 520 1081 lenimentis
539 1030 678 1081 revocata
691 1020 730 1081 ad
750 1020 936 1081 concordiam
957 1030 988 1081 et
1002 999 1187 1085 laresxvitt.
1222 1002 1230 1017 ⁸

118 1136 187 1177 susus
207 1116 313 1197 plebe,
335 1115 474 1187 dictator,
494 1116 555 1177 sive
575 1116 668 1176 morbi
688 1117 787 1177 subita
807 1117 850 1187 vi,
871 1118 933 1177 sive
948 1117 1025 1177 curis
1049 1128 1081 1179 et

117 1210 275 1273 laboribus
294 1231 460 1290 oppressus,
475 1210 554 1291 quod
568 1219 655 1271 antea
668 1212 776 1271 nemini
788 1212 960 1290 contigerat,
974 1212 1004 1273 in
1016 1232 1079 1274 ma-
1105 1223 1170 1303 lqg.
1198 1224 1230 1300 de

118 1308 246 1384 gistratu
268 1316 402 1367 mortuus
418 1316 471 1367 est.
506 1305 583 1365 Iude
596 1306 690 1365 minor
702 1305 883 1386 aliquamdiu
895 1306 1029 1367 ordinum
1049 1287 1239 1403 inxclss'ffiffi'

119 1402 196 1461 urbe
208 1400 353 1461 menso
366 1400 438 1461 fuit:
455 1400 507 1461 sen
520 1401 632 1481 impes
645 1402 752 1461 susim
764 1401 928 1462 deforma
940 1401 1078 1481 dignitas,
1126 1386 1134 1403 ‘
1179 1384 1187 1401 '

119 1514 192 1572 cum
207 1496 298 1575 plebe
313 1494 352 1555 sd
368 1496 585 1557 ambitiosorum
597 1496 747 1556 hominum
758 1496 876 1556 fraudes
891 1516 994 1577 perum
1007 1518 1079 1559 esu-

118 1598 164 1659 ta,
177 1601 221 1661 et,
236 1591 286 1649 vel
300 1592 453 1669 potestatis
463 1589 635 1651 exercende
653 1610 753 1661 cama,
764 1591 944 1671 quibuslibet
954 1594 1080 1671 rogatio·

119 1686 209 1745 nibus
222 1685 404 1764 accipiendis
417 1684 509 1756 sacili,
518 1685 612 1745 multa
618 1686 819 1759 sciscerentur,
827 1706 895 1766 quae
907 1688 1077 1769 reipublice

119 1778 226 1851 decim,
252 1788 286 1839 et
312 1778 352 1839 sd
377 1789 539 1841 extremum
564 1780 627 1861 ipsa
648 1780 839 1842 fundamenta
857 1782 1076 1843 convellerent:

123 1873 333 1935 documenbrm
346 1874 457 1952 insigne
465 1875 693 1953 resregentibus,
702 1867 1078 1954 nevulgus,sirelamiliari

123 1968 284 2029 commoda
307 1969 351 2029 uti
376 1970 477 2049 possit,
505 1973 619 2049 maj0rs
651 1989 710 2029 non
734 1972 940 2047 cogitaturum,
966 1972 1079 2048 injuriis

120 2064 341 2145 opulentiorum
353 2063 393 2125 ad
405 2064 597 2145 cupiditatem
604 2064 769 2145 potestatis,
777 2084 839 2145 que
846 2065 888 2125 uti
896 2084 955 2124 nou
962 2062 1077 2137 didicit,

120 2158 203 2237 adigi
216 2160 380 2240 patientum.

159 2262 213 2315 28.
235 2254 348 2332 Legem
369 2272 486 2333 quoque
503 2252 541 2312 de
563 2252 708 2333 suffragiis
727 2254 838 2315 οἱκιιω
859 2254 924 2315 bec
943 2263 1077 2337 tempora

120 2348 214 2411 latam
226 2368 293 2409 esse
305 2347 489 2417 crediderim,
499 2367 560 2426 qus
571 2346 680 2407 Patres
694 2350 722 2407 in
738 2350 923 2411 comitiorum
935 2350 1077 2413 incertum
1087 2358 1141 2411 Its.
1152 2376 1172 2411 r.
1184 2366 1225 2416 lt.

120 2454 260 2507 evannum
274 2450 409 2503 auctores
420 2440 483 2500 fieri
496 2442 686 2519 cogebantur.
708 2442 866 2504 Hactenus
873 2444 951 2504 enim
964 2445 1076 2523 eojure

4 2530 11 2545 '
121 2540 295 2607 utebantur,
311 2538 355 2597 uti
376 2537 576 2613 magistratum
597 2557 695 2615 gerere
711 2556 769 2599 non
784 2548 893 2620 posset,
908 2539 957 2599 cui
972 2541 1075 2621 populi
1103 2547 1157 2598 cic.
1178 2562 1221 2612 pro

120 2633 269 2712 suffinglls
290 2632 379 2691 dutus
397 2639 485 2701 esset,
507 2632 561 2690 uisi
582 2631 692 2693 Patres
706 2642 840 2695 unctores
854 2632 976 2695 faisant
990 2634 1073 2697 facti,
1087 2610 1237 2662 Phaet.

4 2730 5 2739 ’
122 2728 361 2789 Continebentsn
387 2724 531 2785 interdum
564 2727 620 2787 hoc
645 2727 765 2789 vinculo
790 2728 955 2809 improvida
980 2729 1076 2808 plebis

4 2892 6 2907 Ι
121 2822 239 2883 studia:
260 2830 293 2884 et
307 2839 477 2900 quanquam
489 2840 554 2882 raro
567 2821 811 2901 reprehenderent
821 2823 941 2882 comitis
954 2822 1073 2895 Patres,

105 2924 235 2988 ⁸ttamen,
243 2918 368 2997 quiajos
376 2916 445 2995 ipsis
457 2924 531 2985 eret,
539 2925 680 2995 tunquam
688 2916 891 2997 ¹reprehensuri
903 2918 1073 2977 metueban-

124 3018 184 3085 tur.
224 3012 301 3073 Tum
327 3031 399 3072 vero
426 3010 536 3071 ferente
563 3010 657 3089 legem
684 3010 801 3071 tribrmo
825 3010 921 3091 plebis
949 3011 1073 3085 Maenio,
1086 3023 1167 3073 σιώ
1175 3024 1236 3075 Βη-

123 3106 227 3187 popnli
239 3106 360 3187 quidem
373 3113 462 3166 aucta
481 3114 627 3186 petenen
649 3104 702 3165 sed
717 3104 821 3164 eadem
843 3125 934 3183 opera
951 3104 1076 3167 salubris
1085 3096 1120 3153 ¹⁰²
1129 3104 1153 3139 ⁶·
1163 3091 1204 3140 ¹⁴·

122 3210 153 3262 et
164 3202 337 3283 reipublice
350 3201 459 3262 decora
470 3201 653 3261 comitiorum
665 3199 805 3261 severitas
816 3199 971 3276 debilitata
983 3209 1038 3259 est.

161 3304 216 3359 29.
238 3298 282 3365 Q,
304 3295 467 3357 Hortensio
493 3295 636 3358 dictatore
660 3304 786 3368 mortuo,
813 3304 944 3356 creausm
971 3279 1238 3397 “umidius-imm
1283 3387 1285 3390 Ι

122 3392 247 3473 quidam
272 3402 405 3453 erectores
423 3401 502 3463 sunt,
528 3391 571 3451 rei
592 3390 730 3470 gerunda
755 3410 856 3462 causa,
883 3392 925 3459 Q
947 3390 1215 3461 Fabiummm,

124 3486 308 3557 Maximum,
335 3488 421 3565 cujus
454 3487 541 3547 tertie
567 3486 631 3546 hec
656 3486 803 3548 dictatum
827 3487 925 3547 tuerit.
967 3487 1008 3546 Ei
1034 3487 1073 3549 L.

123 3581 305 3643 Volumnius
320 3582 360 3645 C.
374 3582 412 3644 F.
427 3582 465 3643 Ο.
481 3581 527 3643 Ν.
550 3581 686 3643 Flamma
698 3582 824 3643 Violens
838 3584 975 3661 magister
989 3583 1072 3663 equi-

7 3729 11 3756 ,
124 3684 188 3743 run
212 3677 302 3741 lnisae
323 3678 441 3745 dicitur.
485 3676 605 3737 Bellum
627 3671 708 3739 enim
735 3697 774 3737 ea
797 3686 971 3758 tempestate
1003 3696 1072 3737 cum
1100 3668 1155 3723 Ut·
1168 3670 1234 3737 291¹·

125 3770 362 3840 Volsiniensibus
375 3782 450 3844 erat,
465 3773 591 3833 Etrusca
606 3781 703 3851 genu.
745 3771 786 3833 ld
797 3781 993 3854 opporumum
1004 3771 1071 3843 luit,
1083 3748 1124 3784 ¹¹⁰

126 3864 167 3925 ad
178 3866 409 3928 exhauriendum
419 3866 559 3948 quicquid
573 3869 603 3927 in
615 3868 687 3929 urbe
704 3868 787 3929 novis
796 3869 882 3927 rebus
895 3886 1028 3946 pronum,
1037 3885 1074 3927 ac

125 3963 278 4043 superioris
291 3962 447 4024 discordiae
460 3964 580 4025 nimium
591 3982 701 4023 memor
716 3971 802 4025 esset.
836 3962 974 4022 Accessit
983 3961 1074 4021 etiam

103 4136 113 4157 ³
157 4120 581 4189 'AEsulet01Locnsfuitescullr
621 4138 654 4188 go
668 4124 776 4174 indicat.
807 4124 872 4173 Turn
890 4122 957 4172 euim
973 4123 1074 4201 ‘spiss-

126 4188 249 4249 eouritue
259 4190 329 4237 intra
343 4189 444 4252 urbem,
455 4196 489 4237 ut
500 4203 581 4253 appa·
621 4204 678 4237 rum
697 4186 859 4249 iustruibus’
879 4187 941 4237 urbs
963 4186 1073 4239 ‘dutin-

128 4256 169 4301 ret
177 4264 210 4303 ea
219 4265 251 4303 ee
263 4252 345 4303 Plinii
356 4254 416 4303 hoo
426 4266 503 4319 quem
514 4266 580 4303 mar·
621 4250 769 4317 ruebatur!
784 4251 826 4302 ld.
838 4250 910 4331 ibic
920 4254 991 4302 cres.
