2917 4767
256 390 343 457 leet

745 404 780 453 T·
804 404 899 453 blvll

460 554 512 609 20.
533 544 606 608 Nou
627 544 714 625 longo
734 554 802 627 pust
820 556 963 628 tempore,
978 543 1081 606 Pmuit
1095 542 1195 605 edbue
1213 544 1387 603 stetim

257 642 460 712 Polybium
482 642 636 723 Helyeum
656 662 773 703 emnem
788 643 975 711 habentibus,
990 642 1025 701 t.
1037 640 1144 701 Junius
1155 638 1275 708 euml,
1292 637 1389 697 rob*

420 758 544 820 querum
565 739 660 817 gretie
680 737 835 817 Syracusis
845 740 1014 797 substiteret
1025 736 1174 816 perlectis,
1186 744 1302 814 preter
1316 732 1387 791 Pe·

420 835 548 915 chynum
569 833 796 914 promontorium
816 833 885 893 vele
905 833 1072 913 Lilybaeum
1091 850 1191 892 uersus
1209 830 1347 897 faeiem,
1369 845 1389 884 ιι

421 929 652 1010 speculatoribus
673 928 864 988 Curtbnlonis
882 937 1056 1010 conspectus
1072 937 1127 987 est.
1170 924 1338 992 certitudo,
1355 942 1388 979 re

423 1022 568 1096 nuntiate,
580 1034 693 1105 quante
708 1034 805 1104 potest
815 1023 967 1085 eeleritate
979 1026 1099 1084 obviem
1109 1021 1224 1082 eomuli
1240 1018 1388 1099 proficis·

422 1122 510 1191 citur,
524 1122 623 1199 ignaro
636 1140 736 1180 eorum
749 1139 816 1198 quae
826 1120 865 1179 ed
879 1118 1071 1179 Phintiedem
1084 1125 1167 1196 geste
1178 1124 1296 1175 essent:
1321 1133 1388 1192 quo

424 1214 589 1293 longissime
609 1236 628 1275 e
645 1225 821 1293 quaestorum
842 1215 935 1275 olesee
953 1234 1022 1274 eum
1034 1213 1088 1273 illo
1098 1213 1264 1279 dimieuret,
1280 1229 1387 1288 neque

419 1310 519 1388 juvari
540 1310 590 1369 ille
610 1310 698 1369 ieeile
718 1330 738 1370 e
756 1312 817 1371 suis
829 1320 934 1391 ponet.
976 1309 1088 1369 Consul
1100 1308 1214 1367 eminus
1224 1308 1293 1366 visu
1306 1306 1387 1363 Ρω-

424 1425 527 1465 ιιοιιιιιι
538 1406 643 1475 olesse,
656 1425 724 1466 oum
737 1426 833 1485 neque
843 1406 1000 1484 confligere
1010 1403 1142 1473 auderet,
1152 1421 1248 1481 neque
1259 1401 1385 1459 bostem

288 1516 294 1529 ·
423 1501 578 1561 instantem
598 1500 726 1579 effugere
747 1511 854 1580 posset,
862 1506 955 1581 juxte
969 1500 1160 1561 Camerinum
1173 1497 1319 1555 inlocum
1335 1516 1386 1554 es-

423 1616 525 1677 perum
545 1604 576 1655 et
596 1598 806 1676 importuosum
827 1616 918 1658 neves
939 1596 1051 1674 adigit:
1079 1602 1188 1653 metum
1211 1593 1293 1651 buno
1314 1592 1386 1652 virr-

423 1702 508 1753 oente
529 1692 589 1752 elie
606 1695 716 1769 mejore
737 1693 828 1763 metu,
850 1713 887 1751 ne
906 1692 992 1751 aliter
1009 1692 1160 1749 universus
1177 1688 1331 1747 exereitus
1352 1686 1384 1744 in

424 1796 597 1868 potentem
620 1788 748 1847 hostium
768 1788 927 1847 deveniret
969 1785 1115 1846 Gertbelo
1134 1783 1239 1843 eudem
1252 1782 1324 1842 loon
1336 1782 1385 1839 in-

423 1890 501 1943 trare
514 1902 571 1943 nou
585 1902 682 1951 susus,
694 1882 734 1941 ed
746 1883 976 1962 promontorium
989 1880 1139 1960 quoddam
1147 1879 1268 1937 moni
1280 1876 1383 1937 locum

423 1978 515 2059 oepit,
529 1979 573 2037 ite
591 1979 691 2047 udum,
705 1986 739 2036 ut
758 1978 828 2036 inde
840 1979 950 2056 pariter
961 1977 992 2035 in
1005 1984 1159 2053 unamque
1172 1972 1384 2032 Mmenorum

424 2070 547 2134 eleaeern
561 2074 690 2133 intentus
702 2092 765 2132 esse
779 2080 888 2153 posset.

464 2174 516 2231 27.
538 2167 649 2246 Neque
670 2167 763 2227 multo
783 2177 861 2247 post,
873 2166 968 2226 ventis
987 2165 1130 2225 violenter
1145 2166 1298 2237 dnufibus,
1310 2188 1384 2227 enm

426 2263 552 2340 ingentis
571 2263 754 2343 tempestatis
772 2263 857 2339 signu
871 2261 1158 2338 (lertbeginieneium
1170 2263 1387 2338 gubernatores

426 2376 521 2417 rerum
542 2357 662 2415 istorum
682 2358 770 2435 periti
791 2356 943 2427 vidissent,
966 2355 1142 2415 (lmtbeleni
1164 2370 1385 2435 persuaserunt,

427 2450 470 2511 uti
495 2450 599 2511 relicte
622 2470 712 2529 quem
736 2460 859 2531 eepernt
880 2452 1008 2510 stitione
1032 2451 1212 2531 Peebynun
1237 2451 1383 2514 flecteret.

427 2542 479 2605 lte
498 2564 553 2605 neo
565 2546 627 2605 sine
639 2564 747 2623 meguo
759 2544 860 2605 lubere
874 2547 934 2605 uim
949 2548 1132 2626 tempestatis
1144 2547 1266 2607 Punice
1277 2548 1385 2609 elassis

426 2640 539 2719 effugit.
580 2644 629 2699 At
648 2640 853 2701 Romanorum
873 2650 997 2720 utruque
1016 2638 1119 2701 eleusis
1130 2643 1205 2701 inter
1219 2662 1298 2703 sexu
1310 2666 1382 2704 oeu-

344 2773 352 2791 .
392 2775 399 2792 .
426 2744 527 2815 tesque
548 2735 729 2815 deprehenso
750 2735 882 2797 funditus
894 2737 1014 2808 interiit,
1027 2738 1071 2796 uti
1083 2756 1122 2796 ue
1134 2738 1238 2797 tebuln
1257 2740 1383 2817 quidem

427 2830 489 2893 ulle
501 2831 592 2892 ullius
604 2852 672 2891 usus
683 2850 723 2891 en
736 2831 891 2909 naufragio
902 2832 1018 2911 relique
1028 2830 1119 2891 luisse
1130 2832 1283 2901 eredntrrr3
1306 2834 1383 2894 dne·

427 2928 482 2987 bus
501 2927 634 3008 exeeptis
654 2927 789 2999 navibus,
810 2929 917 3006 quibus
936 2936 1040 3007 posteo
1061 2928 1175 2997 oouml,
1192 2928 1323 3008 reliquos
1343 2951 1382 2990 ex

427 3042 464 3083 ee
489 3021 575 3083 elede
600 3022 708 3082 milites
733 3023 914 3101 remigesque
941 3042 1041 3083 seeum
1065 3023 1186 3093 doeens,
1212 3022 1383 3103 Lilyboeum

427 3118 569 3197 pervenit.
613 3116 686 3178 Heu
706 3116 861 3196 neuirugio
874 3137 964 3177 neres
975 3137 1044 3198 quoe
1055 3138 1202 3178 monem
1222 3122 1385 3199 permeent

427 3232 540 3285 omues,
554 3213 657 3291 longus
671 3232 761 3292 suprn
776 3221 896 3273 eenbuu
916 3214 1035 3293 periitne
1050 3213 1211 3274 traditum:
1232 3217 1385 3277 exereitus

427 3316 526 3367 temen
539 3316 655 3367 semote
667 3326 736 3386 pere
747 3318 803 3378 est,
817 3307 918 3368 multis
928 3309 959 3367 in
971 3308 1069 3370 ricius
1082 3309 1182 3369 litters
1193 3312 1384 3370 enitentibus

266 3426 334 3475 Eutr.
343 3425 363 3476 1.
373 3438 406 3473 ιι.
428 3403 579 3479 Olmii&

470 3501 521 3557 28.
542 3494 590 3555 At
610 3506 739 3567 serenis,
752 3499 805 3578 qui
824 3500 915 3579 peule
935 3508 1004 3560 eute
1021 3500 1063 3559 P.
1077 3500 1218 3559 Clodium
1229 3492 1383 3559 dormient

268 3600 324 3669 Ην,
336 3600 403 3667 spru
430 3592 469 3651 ob
489 3608 550 3651 rem
569 3591 647 3651 mele
666 3602 779 3671 gestum
799 3613 838 3654 ex
854 3594 959 3654 Sicilie
971 3604 1171 3666 reroeureret,
1184 3614 1252 3655 eum
1264 3598 1383 3676 iusuper

270 3681 329 3717 xix.

265 3728 354 3796 Polyb.

430 3686 520 3747 tristis
538 3686 577 3747 de
592 3686 723 3747 Juuiene
742 3687 830 3749 elude
846 3692 966 3750 nuntius
976 3690 1153 3761 sdveuistet,
1166 3691 1197 3748 in
1208 3690 1303 3750 elue
1315 3692 1382 3769 qui·

429 3780 498 3843 dem
522 3800 604 3864 spem
630 3783 738 3844 bebere
762 3784 870 3846 dulit:
895 3794 1025 3847 osterum
1050 3783 1090 3845 ed
1115 3784 1228 3845 bellum
1253 3787 1382 3845 terrestri

431 3876 531 3939 Morte
553 3878 787 3959 prosequendum
809 3883 938 3941 animum
959 3881 1172 3960 eoruiliumne
1190 3890 1306 3941 strenue
1326 3880 1381 3940 sd·

429 3974 526 4033 vertit.
582 3974 624 4034 Et
650 3974 777 4055 Lilybei
800 3976 920 4055 quidem
945 3975 1127 4037 obsidionem
1152 3974 1229 4037 solvi
1254 3994 1314 4035 nou
1336 3984 1382 4034 est

429 4068 542 4129 visum:
563 4068 616 4130 sed
635 4068 740 4133 dutum
760 4070 1382 4150 idoneisbominibusnegotiumutueoes·

430 4164 508 4223 serie
527 4166 669 4227 exercitui
685 4169 770 4246 justo
788 4176 918 4248 tmpore
935 4167 1173 4229 subreberenmr.
1223 4165 1317 4247 Spem
1335 4165 1380 4224 fu·

431 4258 541 4327 ciebit,
564 4260 642 4337 quod
669 4262 711 4320 uti
735 4262 807 4323 muri
831 4262 954 4333 Poeuus,
976 4264 1018 4323 ite
1038 4260 1195 4323 Romanus
1215 4271 1294 4321 terre
1314 4260 1381 4340 piru
1409 4285 1415 4295 ·
