2917 4767
730 388 943 436 mam
996 388 1174 436 xm.
1218 385 1866 437 suescimus-run.
2264 373 2433 441 144⁷

183 542 445 612 tuteque
479 552 585 603 res,
628 536 788 595 sicut
822 540 1120 615 coeperunt
1150 535 1256 604 ire,
1297 542 1576 614 pergant:
1620 534 1724 594 sed
1764 544 1961 596 tamen
2003 536 2109 595 ho-

188 630 394 686 minae
441 649 669 689 suimus:
714 639 799 701 et,
851 632 901 689 si
944 629 1182 689 fortuna
1229 631 1489 698 verterit,
1533 649 1721 708 neque
1771 638 1892 689 tam
1934 630 2111 690 facile

187 742 377 800 porro
403 727 708 802 negotium
747 727 862 786 erit
895 726 1079 805 pacis,
1113 744 1305 803 neque
1346 725 1475 804 pari
1499 743 1633 783 cum
1658 724 1867 785 decore
1893 735 2110 786 tracta-

187 817 404 878 bitur.’

274 919 385 975 17.
432 913 512 973 In
540 915 697 974 hanc
722 917 1075 975 sententiam
1100 914 1316 974 locutis
1355 933 1589 993 quoque
1629 916 1858 985 ceteris,
1900 917 2110 997 etipse

189 1027 299 1067 rex
349 1029 648 1081 assensuri,
702 1012 903 1070 vocari
948 1011 1176 1088 legatos
1223 1010 1534 1070 Romanos
1563 1011 1759 1088 jubet.
1844 1012 1970 1077 Qui
2011 1014 2111 1071 ubi

189 1113 508 1173 venerunt,
555 1104 713 1165 hunc
758 1108 816 1163 in
866 1103 1103 1164 modum
1141 1107 1327 1183 egisse
1368 1106 1590 1164 fertur:
1636 1114 1653 1141 ‘
1685 1104 1815 1164 Res
1839 1106 2110 1185 equidem
2138 1116 2346 1181 Dionys.

190 1199 448 1277 indigna
472 1211 588 1270 est,
631 1222 810 1280 quam
851 1201 1066 1271 facitis,
1111 1200 1394 1261 Romani.
1480 1201 1636 1260 Cum
1658 1202 1814 1260 enim
1839 1203 2111 1262 amicitiae

194 1314 434 1353 mecum
480 1296 756 1355 ineundoe
795 1298 1081 1356 rationem
1124 1296 1346 1354 nullam
1391 1297 1679 1366 habeatis,
1723 1297 1883 1356 bello
1908 1307 2113 1378 captos

201 1392 510 1468 repetitis3
558 1391 661 1449 ubi
703 1391 1035 1461 reddidere,
1079 1390 1282 1451 iisdem
1325 1392 1443 1451 illis
1482 1393 1757 1453 adversus
1796 1412 1888 1451 me
1934 1396 2109 1453 usuri.

199 1483 394 1549 Quod
430 1487 481 1544 si
527 1486 726 1562 igitur,
759 1487 1048 1545 revocatis
1072 1486 1149 1544 ad
1175 1487 1420 1546 meliora
1443 1495 1506 1546 et
1530 1489 1785 1565 utrisque
1813 1488 2113 1565 profutura

199 1581 530 1649 mentibus,
568 1579 757 1639 foedus
797 1589 974 1659 atque
1015 1581 1359 1641 societatem
1383 1602 1607 1642 mecum
1635 1582 1955 1652 instituitis,
1984 1604 2110 1643 ves-

200 1682 326 1733 tros
364 1685 428 1733 et
469 1676 636 1734 cives
672 1676 989 1745 universos,
1037 1685 1100 1734 et
1137 1677 1328 1735 socios
1369 1696 1521 1755 quos
1558 1678 1714 1756 cepi,
1759 1678 1881 1735 sine
1924 1680 2110 1756 pretio

205 1770 472 1847 recipite.
563 1767 670 1827 Sin
719 1790 858 1828 vero
901 1769 1072 1829 vobis
1109 1769 1350 1829 hostiles
1397 1773 1578 1830 animi
1616 1780 1878 1840 manent,
1919 1791 2108 1850 neque

209 1883 331 1940 ego
354 1884 458 1943 pro
481 1882 624 1922 sano
649 1883 742 1923 me
769 1863 1060 1924 facturum
1091 1864 1360 1934 arbitror,
1403 1866 1453 1922 si
1492 1864 1635 1923 odia
1658 1874 1853 1924 vestra
1878 1875 1967 1925 tot
1990 1867 2109 1926 for-

206 1959 360 2016 tium
396 1960 649 2017 virorum
688 1959 957 2018 manibus
993 1960 1309 2025 instruam;
1354 1978 1545 2036 neque
1584 1978 1726 2018 vero
1766 1967 1933 2019 tanta
1968 1963 2109 2021 mihi
2134 1967 2435 2032 Appimap.

205 2054 289 2110 rei
315 2054 657 2112 nummariae
691 2053 1004 2114 difficultas
1033 2064 1141 2124 est,
1185 2062 1252 2113 ut
1284 2053 1548 2133 pecuniis
1588 2050 1996 2114 Romanorum
2021 2058 2109 2116 in·
2134 2032 2435 2083 Fulmursin.

205 2145 466 2224 digeam,
497 2168 647 2225 quos
670 2148 922 2209 decebat
945 2150 1159 2228 potius,
1186 2150 1234 2207 si
1260 2149 1432 2208 amici
1457 2168 1733 2218 oesemus,
1758 2148 2110 2211 liberalitate

207 2261 338 2301 mea
387 2241 780 2324 locupletari?
880 2243 1068 2304 Simul
1123 2263 1238 2303 non
1289 2242 1599 2323 spernendi
1653 2244 1825 2324 pretii
1875 2266 2112 2306 munera
2133 2258 2301 2309 zonat.

209 2335 422 2414 legatis
444 2338 577 2398 dari
593 2340 792 2415 jussit,
818 2338 987 2418 plura
1024 2359 1087 2397 se
1121 2349 1184 2397 et
1220 2338 1464 2399 meliora
1480 2338 1644 2398 alias
1675 2338 1949 2400 daturum
1973 2361 2105 2422 pro-

207 2431 412 2490 fessus·
501 2431 665 2492 Haec
706 2435 765 2491 in
807 2451 1114 2492 commune
1165 2432 1377 2509 legatis
1420 2433 1689 2491 omnibus
1729 2438 2109 2512 praesentibus

208 2525 373 2586 dicta
396 2536 676 2605 actaque.
2132 2536 2340 2604 Dionys.

288 2628 391 2681 18.
435 2620 719 2681 Ceterum
754 2641 888 2680 cum
926 2621 1053 2680 solo
1092 2620 1309 2680 deinde
1353 2620 1429 2679 C.
1460 2620 1734 2681 Fabricio
1778 2622 2008 2700 longior
2048 2635 2111 2685 et

210 2716 544 2775 accuratior
583 2736 771 2775 sermo
817 2715 965 2773 fuit:
1009 2734 1198 2793 neque
1249 2714 1460 2774 referre
1512 2716 1694 2794 piget,
1748 2717 1908 2795 quod
1952 2720 2109 2798 apud

212 2810 458 2870 idoncos
483 2820 753 2870 auctores
778 2810 985 2889 reperi.
1069 2808 1222 2868 Cum
1249 2810 1448 2888 itaque
1471 2811 1708 2868 remotis
1732 2810 1965 2869 arbitris
1986 2813 2111 2871 col·
2134 2821 2300 2871 Zonar.

213 2904 613 2983 loquerentur,
643 2906 790 2965 inter
802 2913 998 2965 cetera
1023 2924 1216 2983 regem
1241 2905 1326 2964 ita
1348 2904 1567 2964 dixisse
1588 2912 1791 2983 postea
1810 2904 2113 2983 vulgatum

217 3010 342 3057 est:
387 3010 404 3036 ⁴
436 3000 569 3079 Ego
594 3020 736 3060 vero
761 3020 896 3061 cum
936 3009 1161 3059 ceteros
1199 2998 1514 3060 Romanos
1536 3018 1737 3059 omnes
1762 3000 1982 3059 amicos
2006 3002 2110 3059 ha-

216 3093 351 3153 bere
386 3103 632 3175 expeto,
674 3106 800 3154 tum
838 3096 1153 3175 prasertim
1195 3104 1278 3166 te,
1323 3093 1403 3156 C.
1442 3094 1703 3163 Fabrici,
1745 3113 1921 3173 quem
1965 3096 2115 3155 inter
2138 3106 2344 3171 Dionys.

277 3252 424 3366 Ecce
450 3252 569 3312 tibi,
591 3252 784 3316 lector,
817 3251 1006 3316 Pyrrhi
1029 3251 1360 3317 Fabriciiqne
1395 3250 1647 3316 imagines
1671 3264 1737 3300 ex
1771 3252 1988 3303 nummi·
2023 3252 2113 3304 de·

213 3329 322 3366 num
353 3330 421 3367 a.
