2917 4767
722 340 755 387 'l'-
781 336 877 387 alvu

397 491 429 543 et
440 489 583 552 armenta,
596 480 688 541 ducta
700 480 833 541 lucrant:
856 490 918 543 tum
934 498 1005 541 sero
1017 488 1049 541 ot
1060 480 1374 563 varietategentium

396 598 520 658 quarum
529 578 643 658 captivi
655 585 724 637 ante
736 596 853 637 currum
865 575 1060 648 ducebantur,
1070 586 1102 637 et
1113 576 1286 657 spoliorum
1303 578 1375 658 pul-

395 673 559 735 chritudine
571 693 608 733 ac
620 671 840 751 magnificentia
850 673 975 735 celebris
982 673 1095 754 species
1107 672 1180 759 luit:
1192 694 1282 739 ‚cum
1292 674 1373 755 Epi-

395 780 478 839 rote,
491 768 638 841 Thessali,
653 767 847 839 Macedones,
861 768 968 849 Apuli,
985 769 1253 857 Lucani,·Bruttii,
1270 770 1373 829 vineti

395 874 464 927 ante
476 885 592 925 currum
605 874 778 943 agerentur;
801 864 1004 945 prefer-rentur
1016 874 1116 925 autern
1128 865 1243 925 tabulae
1259 864 1370 945 pictae,

394 963 478 1041 signa
492 961 638 1033 nobilium¹
647 960 804 1031 artificum,
814 980 928 1032 aurum,
937 980 1076 1041 purpura,
1084 970 1255 1040 ceteraeque
1261 970 1370 1043 ,trans-

394 1057 694 1135 mariureelegantim,
714 1066 747 1116 et
766 1055 920 1117 Tarentini
942 1055 1031 1116 luxus
1044 1057 1249 1117 instrumenta.
1300 1055 1366 1117 Sed

394 1154 534 1233 praecipui
547 1152 681 1213 miraculi
694 1152 853 1233 gaudiique
867 1152 1069 1232 spectaculum
1083 1152 1238 1232 elephanti
1253 1151 1367 1211 fuere:

229 1262 325 1314 Euml.
335 1278 367 1312 n.
392 1268 462 1308 cum
475 1249 545 1328 ipsis
557 1250 685 1308 turribus
696 1249 758 1325 suis
770 1257 897 1328 quatuor
910 1250 993 1325 (nam
1008 1247 1114 1327 reliqui
1127 1268 1166 1307 ex
1179 1248 1365 1307 vulneribus

246 1361 333 1410 flesse
352 1358 383 1408 ὼ
394 1343 576 1421 interierant)
585 1354 649 1404 tum
662 1344 788 1423 primurn
797 1342 906 1403 Roma
916 1343 1063 1403 visisunt:
1085 1343 1191 1421 vulgus
1199 1363 1219 1402 a
1231 1344 1365 1403 nomine

227 1424 381 1537 Ε’Ἓιηή
394 1437 540 1510 animalis,
549 1438 628 1518 quod
638 1440 781 1499 hactenus
791 1439 952 1499 maximum
962 1446 1097 1508 noverat,
1105 1448 1137 1497 et
1149 1438 1208 1497 loci
1224 1438 1283 1497 ubi
1297 1438 1360 1517 pri-

230 1520 473 1602 ricordamum
499 1544 706 1614 conspexerat,
734 1536 849 1595 ‘bores
872 1534 986 1595 Lucas'
1008 1534 1169 1595 vocitabat
1212 1533 1362 1595 Alterius

226 1645 381 1711 Μαρία.
392 1629 521 1689 consulis
532 1650 642 1711 paucos
654 1638 721 1710 post
733 1629 798 1689 dies
810 1630 959 1691 obscurior
970 1630 1134 1709 triumphus
1146 1628 1212 1688 luit.
1236 1627 1359 1709 Neque
1442 1620 1443 1637 ¹

391 1734 491 1785 tamen
511 1725 557 1784 illi
577 1723 752 1805 poenitendae
773 1746 819 1785 res
834 1725 962 1785 luerunt.
1005 1723 1155 1785 Samnites
1167 1734 1197 1783 et
1211 1723 1361 1807 Lucanos

390 1821 519 1891 vicerat3
542 1820 655 1901 oppida
667 1821 762 1881 multa
783 1830 921 1901 ceperat:
942 1818 994 1879 sed
1006 1820 1225 1899 comparatione
1240 1818 1359 1897 Curia-¹

391 1935 438 1975 nte
463 1916 566 1995 glorias
595 1917 699 1976 horum
734 1916 873 1996 splendor
907 1916 1121 1993 estimatioqne
1146 1914 1354 1975 decrescebat.

273 2031 280 2044 ·
298 2062 307 2079 .
392 2012 476 2072 Inter
487 2032 537 2073 eos
549 2011 601 2090 qui
614 2011 728 2071 virtutis
741 2031 810 2089 ergo
822 2010 925 2071 donati
935 2019 1025 2083 sunt,
1040 2009 1106 2071 Ser.
1122 2009 1265 2069 Cornelio
1281 2008 1352 2069 Me·

389 2107 489 2166 rendae
509 2126 629 2167 auream
650 2125 791 2166 coronam
811 2126 851 2166 ex
874 2105 976 2186 preda
988 2104 1082 2176 dedit,
1096 2106 1135 2165 ob
1149 2104 1354 2167 Samniticum

389 2200 539 2281 quoddam
551 2200 693 2280 oppidum
706 2203 772 2279 ejus
785 2202 1159 2281 maximeoperacaptunr.
1351 2264 1353 2268 ι

429 2302 479 2355 35.
501 2293 649 2355 Romanis
662 2295 700 2354 ad
713 2296 792 2355 hunc
806 2296 925 2369 modum
944 2296 1074 2357 victorie
1089 2315 1150 2355 suae
1164 2296 1274 2356 laetitia
1287 2294 1356 2363 sne,

388 2390 514 2461 entibus,
534 2389 622 2467 longe
635 2388 736 2469 dispar
748 2391 910 2449 animorum
934 2391 1053 2462 habitus
1066 2390 1146 2470 apud
1159 2391 1257 2450 hostes
1271 2400 1348 2461 erat.

262 2512 267 2520 ·
387 2485 418 2545 li
425 2488 493 2564 jam
506 2484 579 2544 olim
593 2484 715 2564 imperio
739 2484 852 2565 Pyrrhi
864 2470 991 2546 ¹minime
1013 2485 1086 2557 laeti,
1108 2496 1184 2565 post,
1195 2485 1354 2552 infelicem,

386 2598 526 2660 pugnarn,
549 2580 779 2653 animistimore
796 2590 892 2659 'atque
917 2580 1115 2659 indignatione
1137 2580 1241 2659 plenis,
1271 2581 1352 2663 nihil·

385 2676 519 2754 quietum
531 2674 694 2753 agitabant.
737 2672 809 2735 Rex
832 2676 893 2755 ipse
912 2675 1022 2737 dudum
1035 2674 1176 2743 ⁴Romani
1188 2676 1263 2757 belli
1278 2696 1351 2756 per-¹

384 2780 483 2846 taesus,
495 2781 538 2841 et,
553 2790 630 2831 nunc
642 2769 800 2850 desperata
813 2771 929 2851 penitus
947 2771 1082 2841 victoria,
1097 2771 1170 2830 nihil
1183 2771 1239 2829 nisi
1251 2772 1350 2837 reno,

384 2884 451 2925 nem
464 2866 555 2925 tutius
568 2866 774 2944 honestiusque
794 2864 965 2925 discedendi
983 2866 1194 2926 meditabatur:
1215 2866 1269 2939 sed
1283 2865 1349 2933 dis,

382 2960 521 3021 mundato
535 2961 647 3021 interea
658 2961 793 3033 consilio,
812 2962 984 3021 hortabatur
999 2961 1105 3030 socios,
1120 2970 1128 2997 ‘
1145 2981 1181 3019 ne
1194 2961 1234 3021 ob
1247 2982 1341 3021 unum

384 3054 538 3117 adremunr
551 3056 686 3137 praelium
695 3055 1018 3117 conciderentanimis:
1041 3056 1234 3135 nonpluseoa
1244 3056 1346 3137 clodis

382 3160 529 3229 posmema
550 3152 608 3211 hac
628 3170 727 3231 pugna
747 3152 906 3230 accepisse,
930 3170 1019 3230 quam
1040 3152 1135 3231 prima
1156 3142 1347 3212 inmunem}

382 3262 477 3323 neque
494 3245 562 3305 ideo
575 3245 733 3322 Romanos
744 3243 783 3304 ad
797 3264 899 3323 pacem
920 3246 1011 3305 etiarn
1023 3246 1339 3317 bonisconditionibus

381 3340 544 3417 permoveri
570 3340 716 3418 potuisse:
745 3340 848 3414 horum
874 3341 1069 3401 constantiam
1095 3341 1119 3401 si
1143 3336 1199 3421 ipsi
1217 3361 1336 3422 quoque

381 3433 596 3503 aemularentur,
609 3453 699 3513 seque
713 3433 837 3493 fortunae
851 3436 973 3495 vertenti
981 3446 1140 3507 servarent,
1149 3438 1336 3511 omniacom·

379 3528 493 3588 modius
505 3528 651 3605 habitura.
694 3528 851 3609 Superesse
872 3531 1004 3605 riresad
1025 3532 1090 3591 haec
1102 3532 1241 3592 diuturno
1255 3532 1344 3601 bello,

377 3622 567 3684 suffecturas:
589 3625 620 3683 in
636 3622 757 3685 Grecis
769 3626 877 3685 multos
897 3633 1031 3706 potentes
1047 3627 1157 3687 amicos
1168 3628 1343 3701 rehabere„

378 3719 516 3799 aquibus
528 3728 610 3779 certa
623 3720 736 3782 auxilia
756 3730 914 3801 expectare
933 3722 1043 3801 possit!
1084 3720 1195 3802 Neque
1208 3724 1273 3783 haec
1287 3724 1339 3802 ὶιι-Ι

267 3832 323 3881 cn.
376 3814 556 3875 credibiliter
577 3815 781 3893 fingebantur:
803 3836 870 3875 cum
892 3825 923 3876 et
936 3826 1034 3891 antea,
1048 3817 1208 3896 presertim
1222 3839 1241 3877 a
1255 3817 1339 3894 Pto·¹

377 3910 481 3971 remeo
502 3912 554 3991 qui
575 3911 763 3971 Macedoniae
785 3921 847 3971 tum
869 3920 1019 3991 praeerat!
1035 3911 1199 3975 luculenter
1212 3896 1339 3991 adjutus¹

407 4055 422 4089 t
437 4045 461 4095 A
474 4048 611 4107 Ptolem,
628 4048 669 4110 qai
685 4046 833 4095 Mmedonioe
873 4060 951 4097 mans
971 4046 1061 4112 quinto
1085 4052 1147 4096 aute
1173 4048 1240 4097 hunc
1262 4060 1327 4096 auno

376 4114 428 4159 trra
438 4112 552 4176 maeror]
569 4112 635 4161 Tum
646 4126 704 4161 com
716 4110 832 4175 Pyrrhus
874 4111 999 4174 perierat,
1011 4120 1041 4161 ut
1056 4120 1225 4163 memoratum
1236 4120 1277 4163 ert
1287 4124 1327 4161 ru·

375 4174 402 4223 in
430 4174 534 4228 ltaliam
563 4176 709 4238 trajecerat.
746 4176 833 4226 l'tnle-
874 4180 1057 4243 prs‚xrrr.rs.
1077 4178 1148 4227 cren.
