2917 4767
709 338 746 386 Τ.
770 336 866 385 ttvu

396 478 610 559 qaedripartite
621 486 653 536 et
663 476 719 557 ipei
736 476 904 539 diviserant.
947 472 1068 537 Harum
1081 494 1158 556 quar
1176 476 1278 537 tutius
1290 477 1360 537 aciei

396 576 512 635 niniam
524 581 609 645 erat:
620 575 650 633 in
661 572 785 651 sigenam
797 593 883 635 arcua
895 574 1021 645 sinuata,
1033 582 1145 633 mnam
1157 592 1268 631 veretra
1281 572 1360 631 incli-

395 671 508 730 nabat:
529 678 634 729 ceterae
657 668 839 749 simplicibus
850 669 1002 729 ordinibus
1018 678 1171 738 extenta,
1194 668 1293 748 pronis
1312 688 1361 726 na·

395 768 475 826 ιιιιιιι
493 768 523 825 in
542 765 656 825 hostem
669 765 770 825 varaia.
815 766 864 825 Ex
886 766 932 825 hia
951 765 1088 825 dextrum
1109 784 1229 835 cornu,
1255 766 1286 821 in
1305 782 1360 842 quc

395 871 583 922 rostratarum
606 871 638 919 et
660 860 912 939 quinqueremium
933 862 1093 921 celerrimae
1113 870 1221 931 erent,
1246 858 1359 919 Ηιιιιιο
1423 895 1424 979 1

392 978 491 1018 versus
503 957 597 1016 altum
615 975 694 1014 mare
712 964 853 1034 quantum
869 964 984 1035 poterat
1001 956 1196 1036 exporrexit,
1216 956 1244 1013 si
1262 974 1358 1035 pugna

397 1052 518 1112 aliunde
529 1052 686 1113 commissa
698 1059 784 1120 ercet,
797 1051 1029 1111 circumdeturun
1040 1052 1171 1111 hostem.

431 1156 462 1209 6.
485 1146 595 1226 Neque
621 1146 673 1205 diu
701 1147 805 1205 mereti
828 1142 962 1207 cenauiee
987 1149 1018 1205 in
1041 1146 1161 1207 medies
1189 1145 1353 1206 Poenorunr
1425 1121 1426 1190 i

392 1264 483 1305 naves
494 1263 561 1304 cum
576 1242 692 1302 duabus
703 1242 846 1301 classibus
857 1242 916 1303 auia
928 1262 959 1302 ae
973 1242 1149 1303 intulerunt.
1176 1240 1352 1312 Hamilcar,
1426 1233 1427 1265 ¹

391 1359 451 1419 quo
463 1338 668 1397 &manorum
687 1338 782 1397 aciem
800 1338 985 1408 distraheret,
1008 1339 1068 1399 auia
1093 1346 1302 1419 praeeperat,
1320 1346 1353 1396 ut

390 1434 545 1493 cummium
562 1452 661 1512 pugne
680 1432 782 1510 fugam
799 1434 938 1493 continue
955 1442 1163 1513 capesserent:
1188 1432 1350 1512 quodcum

390 1528 502 1587 factum
514 1536 602 1597 eeaet,
621 1526 810 1607 Romanique
826 1528 964 1588 cedentes
982 1528 1068 1589 aride
1089 1536 1349 1608 persequeremur,

390 1622 449 1683 illie
460 1623 581 1702 quidem
592 1623 632 1683 ob
643 1623 824 1684 celeritatem
843 1624 961 1683 nuvium
981 1624 1103 1683 innoxie
1124 1623 1203 1701 fuga
1222 1622 1299 1681 fuit:
1319 1630 1349 1681 at

391 1717 595 1778 Remaucmm
609 1720 698 1788 acies,
719 1720 763 1779 uti
776 1719 910 1779 voluerat
924 1718 1082 1779 Hamilcar
1094 1718 1346 1799 praevideratque,

390 1812 507 1873 divulsa
518 1824 574 1884 est,
588 1815 733 1875 triariiaet
745 1815 832 1875 tertia
845 1814 938 1875 elaeae
950 1834 1003 1873 auo
1012 1814 1108 1875 adhuc
1118 1813 1191 1874 luco
1199 1834 1232 1873 ae
1247 1823 1344 1872 teum·

392 1909 480 1969 tibus.
524 1910 616 1976 Quod
629 1911 681 1969 ubi
695 1910 856 1990 perfectum
872 1930 935 1969 eane
955 1910 1041 1981 vidit,
1059 1910 1159 1971 subito
1180 1907 1345 1969 deterreri

391 2024 445 2064 aua
458 2004 584 2083 signum,
598 2015 632 2066 ut
651 2008 798 2067 conversis
820 2006 911 2086 picria
931 2024 1059 2086 pugnam
1073 2025 1140 2065 cum
1162 2002 1342 2084 insequenti·

390 2103 568 2163 buaineant.
611 2104 750 2165 Certatur
771 2106 909 2185 ambiguo
926 2103 1036 2175 Marte,
1059 2103 1163 2164 Poenis
1184 2102 1341 2164 velocitate

387 2208 418 2255 et
430 2199 537 2275 peritia
548 2199 676 2257 nauticae
689 2200 743 2268 rei,
765 2199 910 2259 Romania
929 2200 1031 2259 robore
1049 2198 1176 2259 militum
1191 2198 1281 2276 louge
1294 2216 1340 2255 eu·

389 2293 559 2370 perietibus.
601 2292 711 2372 Itaque
732 2295 871 2373 quamdiu
886 2296 1006 2355 navium
1026 2296 1123 2374 potius
1139 2314 1235 2374 quam
1247 2292 1339 2352 homi·

387 2406 458 2445 num
475 2406 574 2466 pugna
591 2408 654 2447 eece
676 2390 784 2467 potuit,
807 2388 927 2450 Punice
948 2410 994 2449 rea
1012 2391 1092 2450 haud
1112 2390 1206 2449 dubie
1228 2385 1337 2449 meliori

388 2480 455 2540 loco
468 2490 550 2540 crat:
572 2482 624 2541 ced
642 2484 757 2561 quoties
771 2504 923 2545 curvorum
938 2488 1025 2563 jactu
1046 2485 1194 2560 colligatis
1215 2484 1337 2544 neribur

386 2576 518 2635 cominus
531 2579 655 2656 pugnari
666 2589 807 2657 caeperat,
821 2600 909 2659 penes
923 2580 1092 2641 Romanum
1106 2592 1171 2641 erat
1182 2590 1265 2642 certa
1277 2578 1334 2638 vic·

386 2672 481 2739 terim
504 2692 572 2732 cnm
585 2672 670 2733 miles
682 2692 770 2733 manu
787 2673 893 2745 fidene,
912 2686 942 2735 et
961 2678 990 2735 in
1007 2686 1164 2757 conspectu
1184 2674 1333 2737 enuntiem

387 2786 531 2845 pugnans,
549 2767 729 2847 insignitiere
745 2788 836 2849 opere
852 2772 989 2831 virtutem
1009 2791 1092 2831 auam
1113 2773 1158 2831 hie
1173 2770 1332 2853 approbare

385 2863 587 2925 contenderet.

424 2964 454 3019 7.
478 2957 560 3019 Dum
573 2960 603 3018 in
616 2978 654 3019 ea
666 2970 752 3039 parte
774 2961 817 3018 aie
829 2959 995 3031 dimicetur,
1012 2960 1125 3021 Hanno
1143 2982 1212 3022 eum
1229 2961 1330 3021 dem

382 3072 485 3123 eumn,
507 3054 587 3133 quod
607 3056 750 3115 hactenus
771 3056 922 3115 immotum
942 3056 1096 3127 habuerat,
1117 3058 1146 3117 in
1168 3057 1329 3117 triariorum

382 3168 474 3208 naves
488 3150 621 3211 invectam
634 3171 654 3211 a
670 3152 744 3211 mari
767 3150 839 3211 fecit
861 3152 1012 3231 impetum,
1033 3142 1258 3233 magnaeque'in
1278 3166 1325 3208 an·

380 3245 491 3319 gestias
505 3244 632 3305 redactis
644 3246 800 3305 molestum
809 3248 927 3305 omnino
942 3248 1089 3325 negotium
1102 3249 1249 3308 exhibuit.
1271 3244 1327 3304 Ec·

379 3338 445 3397 dem
473 3338 563 3398 ferme
592 3350 722 3418 tempere
748 3340 866 3401 eiuiatra
896 3361 1013 3422 quoque
1040 3342 1323 3422 Carthaginiensium

379 3433 467 3502 acies,
479 3444 593 3494 mutata
605 3434 699 3513 priore
708 3434 813 3506 forma,
824 3446 980 3516 etaequeta
989 3438 1095 3509 fronte,
1106 3441 1205 3499 rostris
1217 3436 1325 3498 infestis

378 3529 496 3587 tertiam
511 3528 715 3590 Romanorum
726 3530 861 3603 clamem,
870 3552 937 3612 quic
945 3534 1118 3614 hippegines
1124 3536 1253 3595 remulco
1266 3543 1320 3592 en·

379 3622 481 3693 hebet,
496 3625 619 3686 invadit.
662 3625 794 3687 Romani
807 3628 931 3689 dimissis
944 3629 1063 3690 funibus
1078 3631 1118 3711 ad
1137 3630 1320 3691 resistendum

376 3739 407 3776 ce
429 3731 542 3799 parant
586 3720 651 3781 Hic
672 3743 789 3802 quoque
811 3724 922 3784 sortiter
943 3726 1119 3806 confligitur.
1162 3727 1213 3787 Ita
1232 3725 1320 3785 tribua

406 3932 832 3998 wmqnarunmtetrtnu·
868 3938 1058 3989 Freinrhenriun
1095 3939 1238 4000 ιοιίιιιίιιιι
1269 3944 1316 3982 neu

374 4002 413 4044 tm
431 3996 495 4059 erut]
521 3999 631 4058 Harum,
648 4016 701 4053 non
718 4004 830 4058 navium,
866 4004 1107 4067 quadripertito,ted
1123 4003 1316 4065 tequeaom-

373 4063 419 4109 red
435 4064 547 4123 partium
563 4067 637 4115 aciei.
670 4067 829 4131 ltaquerei·
865 4074 908 4117 ter.
941 4068 1017 4118 'l'nuc
1035 4062 1316 4119 enimnuilaestetnb-

374 4125 454 4174 lemur
475 4128 501 4176 tn
528 4130 690 4192 precedenti
712 4134 828 4183 membre
865 4134 984 4184 icuritar.
1002 4134 1072 4184 Grec.
