2917 4767
728 367 765 416 Τ.
786 368 883 417 mvn

400 510 542 587 ambiguo
554 508 683 588 judicio,
698 510 801 589 plusne
825 509 975 590 prodemot
993 512 1037 571 eis
1054 512 1112 571 ista
1129 511 1224 591 prmlii
1247 510 1364 580 forn,

278 627 279 631 ¹
398 605 478 683 quod
504 624 571 663 oum
596 604 699 665 divisis
721 606 848 665 hostium
873 607 967 685 copiis
984 612 1163 685 pugnantes,
1187 615 1282 685 terga
1305 608 1366 665 sibi

397 702 525 759 invicem
546 709 610 759 tuta
631 703 820 781 praestabunt,
832 702 923 761 etiam
934 703 1044 785 amiasq
1053 723 1105 782 spe
1117 703 1197 780 fugae
1211 702 1259 762 ad
1275 702 1367 760 forti-

383 796 528 855 tudinem
549 798 708 865 stimulati;
732 817 770 856 uu
785 818 856 857 vero
867 807 996 868 noceret,
1009 798 1090 876 quod
1103 800 1179 857 inter
1190 798 1276 857 duos
1289 817 1365 857 oon-

386 891 507 951 ,sulares
527 893 674 953 exercitus
694 892 826 951 conclusi
846 894 1029 952 tenebantur.
1071 893 1211 954 Ceterum
1233 893 1366 953 Roma·

353 1062 357 1087 1
398 1008 452 1049 nos
472 989 579 1067 partim
596 997 732 1068 aspectus
750 988 877 1048 virorum
897 990 1038 1059 terrebat,
1051 992 1103 1067 qui
1125 992 1239 1049 eximis
1253 990 1365 1069 specie

397 1093 429 1143 et
454 1083 655 1162 magnitudine
681 1102 836 1163 corporum
857 1084 957 1164 primis
981 1086 1011 1143 in
1035 1084 1187 1145 ordinibus
1210 1086 1364 1152 stabant:

397 1180 504 1259 partim
525 1179 564 1238 nd
586 1178 776 1261 pugnandum
798 1179 953 1250 incitabat,
975 1201 1033 1240 nou
1055 1182 1144 1241 modo
1164 1181 1283 1251 laudis,
1307 1180 1363 1240 sed

397 1276 486 1334 etiam
505 1276 665 1355 spoliorum
685 1273 823 1343 dulcedo,
844 1275 924 1353 quod
946 1277 1020 1336 inter
1041 1275 1199 1336 Gallorum
1220 1278 1362 1354 antesig-

398 1390 489 1430 nanos
508 1380 573 1430 eret
588 1390 674 1430 nemo
696 1370 768 1448 quin
788 1370 946 1430 maniacisr
969 1370 1149 1451 armillisque
1172 1374 1274 1433 aureis
1296 1372 1361 1431 ful-

397 1475 487 1542 geret.

1302 1502 1306 1514 Ι

1305 1562 1311 1574 ⁸

385 1588 389 1595 ·
437 1567 487 1620 42.
511 1558 653 1621 Conserto
679 1562 769 1638 igitur
798 1560 910 1641 praelio,
939 1562 1058 1620 immissi
1087 1563 1214 1643 primum
1245 1562 1362 1622 velites

249 3279 337 3345 Polyb.
351 3295 382 3331 ιι.

233 3348 274 3395 8³.

396 1657 555 1717 maximam
578 1656 703 1715 hostium
726 1655 844 1716 edidere
867 1655 990 1724 oedem,
1013 1658 1172 1735 prasertim
1195 1658 1250 1716 ubi
1280 1658 1358 1718 (ὴ-

395 1762 467 1811 sstae
487 1752 668 1832 pugnabant,
682 1752 734 1831 qui
755 1772 808 1830 per
827 1751 967 1811 ferociam
986 1760 1018 1810 et
1037 1753 1195 1811 barbaram
1217 1761 1358 1811 ostenta

396 1847 516 1917 tionem,
528 1846 653 1923 objectis
664 1847 806 1916 vestibus,
820 1844 892 1905 nudi
910 1855 980 1905 anta
996 1848 1092 1926 prima
1103 1848 1189 1925 signa
1205 1850 1355 1908 constite-

396 1950 469 2003 rant
501 1941 579 2001 Cum
588 1942 667 2001 enim
675 1950 791 2001 scutum
800 1939 1356 2021 Gallicumpraelonqumetangusturs

395 2057 453 2097 non
464 2039 554 2117 possit
563 2057 668 2117 corpus
677 2038 976 2115 obtegere,tanqnanr
985 2039 1121 2116 exposita
1125 2038 1355 2118 jaculatoribus

393 2135 487 2211 signu,
501 2134 587 2192 certis
600 2133 707 2192 ictibus
721 2132 914 2212 petebantur:
935 2131 1141 2212 cadebantque
1155 2134 1255 2203 inulti,
1268 2132 1354 2213 quod
1449 2149 1450 2152 ’

394 2248 489 2305 neque
502 2227 589 2295 ferire
601 2228 714 2285 hostem
723 2228 838 2287 eminus
849 2237 995 2307 poterant,
1007 2249 1101 2307 neque
1111 2239 1247 2289 conserta
1257 2250 1353 2291 runnu
1449 2315 1450 2318 Ἴ

394 2324 517 2401 pugnari
539 2340 636 2381 secum
659 2322 734 2381 levis
755 2332 904 2382 armatura
922 2325 1106 2403 patiebatur:
1127 2344 1189 2404 qua
1206 2324 1352 2405 despera-

394 2418 475 2475 tione
488 2436 556 2495 pars
569 2426 675 2476 temere
689 2417 719 2475 in
734 2418 845 2477 hostem
858 2428 986 2489 ruentes,
999 2421 1169 2499 priusquam
1183 2420 1224 2478 ad
1243 2440 1352 2480 mauris

394 2510 539 2581 venirent,
560 2511 719 2569 missilibus
737 2512 864 2567 confirmi
886 2515 1107 2571 sternebantur:
1130 2514 1221 2573 ceteri
1237 2518 1351 2579 aenaim

395 2604 552 2667 referentes
575 2601 710 2681 gradum,
736 2621 853 2661 auorum
878 2607 1093 2683 perturbabant
1116 2608 1241 2668 ordines.
1299 2611 1351 2671 Ita

397 2700 583 2759 Gmsatarum
610 2699 673 2757 acie
699 2718 752 2777 per
777 2698 882 2757 velites
908 2698 1044 2776 disjecta,
1069 2704 1165 2778 gravis
1189 2715 1350 2766 armatam

395 2797 479 2857 miles
497 2796 590 2855 Boios
610 2792 808 2874 Insubresque
823 2814 859 2853 ac
876 2793 1032 2856 Taurianos
1051 2798 1241 2878 undiquaque
1258 2802 1347 2863 udor-

395 2902 453 2964 tus,
466 2891 573 2951 multos
586 2889 740 2950 interiecit.

434 2994 484 3048 43.
506 2988 635 3047 Stabant
654 2994 752 3045 tamen
769 2984 921 3047 offirmatis
933 2988 1048 3057 animis,
1062 3007 1157 3067 neque
1168 2989 1233 3049 ulla
1250 3011 1283 3049 re
1298 2992 1346 3049 in-

395 3085 523 3154 feriores,
537 3083 593 3143 nisi
606 3081 685 3160 quod
698 3101 845 3142 armorum
857 3102 962 3159 genere
976 3084 1179 3156 vincebantur,
1194 3106 1292 3165 neque
1306 3087 1347 3160 ad

395 3178 582 3241 muniendum
602 3197 709 3257 corpus
728 3186 796 3256 apte
815 3178 959 3250 instructi,
972 3198 1068 3259 neque
1087 3179 1126 3239 ad
1146 3180 1259 3241 bostem
1271 3192 1346 3261 'per-

394 3275 581 3339 cutiendum:
603 3273 719 3352 gladius
731 3273 809 3331 enim
822 3271 960 3333 Gallicus
971 3283 1086 3334 tuntum
1106 3276 1145 3335 ad
1165 3297 1227 3335 rem
1243 3278 1344 3338 eaesim

393 3370 550 3450 gerendam
567 3369 814 3439 accommodatus,
827 3388 996 3430 mucronem
1011 3370 1150 3432 idoneum
1162 3392 1220 3431 non
1232 3374 1343 3433 habet:

393 3476 535 3546 praeterea
554 3466 593 3525 nd
613 3466 738 3543 primunr
759 3466 850 3524 ictum
870 3465 1048 3537 incurvatur,
1061 3476 1275 3547 sequentesque
1288 3490 1344 3549 pu-

394 3580 457 3619 rum
478 3558 610 3619 efficaces
630 3559 730 3631 habet,
751 3561 806 3618 nisi
830 3559 904 3639 pede
927 3580 1040 3639 pressus
1062 3562 1167 3622 iterum
1189 3563 1342 3643 dirigatur.

248 3667 333 3733 Polyb.
351 3682 382 3717 ιι.
396 3655 542 3717 Eventum
561 3654 664 3734 praelii,
678 3674 746 3714 cum
759 3655 788 3713 in
801 3654 921 3714 meliore
933 3675 985 3735 spe
998 3655 1129 3717 Romani
1141 3668 1248 3729 essent,
1261 3659 1343 3721 baud

232 3738 273 3785 ⁸⁰·
393 3752 515 3812 dubium
537 3750 608 3810 recu
630 3750 761 3828 equitum
782 3750 903 3819 ruitur,
924 3752 987 3831 qur,
1010 3751 1131 3813 cuneo
1152 3754 1286 3833 equuus
1309 3757 1341 3815 u

391 3848 491 3927 iugum
511 3845 673 3926 compulso,
694 3866 733 3905 ex
755 3845 831 3905 colle
851 3846 1048 3918 decurrentes,
1069 3848 1195 3908 inlatus
1214 3850 1341 3909 hostium

393 3944 608 4024 impressionem
628 3940 770 4012 iecerunt,
783 3950 866 4001 tanto
885 3942 981 4002 miuus
991 3942 1185 4015 tolerabilem,
1200 3944 1281 4024 quod
1300 3964 1340 4005 ex

424 4140 436 4166 ⁷
452 4134 583 4199 Monincis]
607 4134 759 4184 Ornamenti
775 4134 847 4183 aurei
882 4149 972 4184 manna
983 4134 1052 4185 Galli
1064 4135 1210 4199 gestabant.
1237 4135 1282 4184 lta
1292 4149 1338 4185 ex·

394 4210 474 4259 genus
486 4206 535 4262 eat,
545 4200 613 4263 qnod
629 4201 696 4250 circa
712 4199 804 4250 collum
819 4206 847 4250 at
882 4202 956 4264 ponit
966 4200 1090 4264 Polybius
1099 4200 1255 4265 ipsarstl.
1267 4201 1339 4253 ΟΜ.
