2917 4767
207 329 296 397 1⁷14
517 422 523 440 ,
681 340 718 388 r.
743 339 834 388 niun

207 489 490 569 circumspectans
516 481 758 567 solicitaeque⁸
786 483 912 562 omnia,
943 481 1132 549 incedebat.
1186 481 1265 548 Ubi
1286 483 1320 548 in
1441 513 1442 520 ι

208 589 437 672 angustiorem
454 586 543 650 vium
558 603 603 650 ex
619 593 717 669 parto
736 586 848 672 altera
869 583 1059 667 subjectam
1072 585 1157 668 jugo
1173 585 1323 668 insuper

205 689 391 754 imminenti
407 695 543 752 ventum
560 691 621 765 est,
637 685 785 768 undique
798 705 842 750 ex
859 686 989 752 insidiis
1004 686 1139 751 barbari
1154 707 1177 751 a
1194 687 1323 764 fronte,

207 792 251 855 ab
264 797 361 871 tergo
384 789 505 866 coorti,
520 789 673 852 cominus
693 789 824 852 eminus
840 793 999 871 petunt:⁹
1020 807 1107 852 saxa
1122 789 1276 871 ingentia
1289 789 1322 851 in

208 909 328 974 agmen
347 889 554 954 devolvunt:
575 890 725 954 murima
740 890 785 954 ab
801 899 894 970 tergo
908 890 963 954 vie
977 889 1144 954 bominum
1159 891 1321 972 urgebat.
1441 911 1442 930 ι

208 993 249 1056 In
267 1011 328 1055 eos
348 1010 445 1056 versa
458 991 610 1074 peditum
632 990 724 1055 acies
741 990 831 1055 baud
848 989 990 1055 dubium
1012 989 1106 1069 fecit,
1126 993 1228 1076 quin,
1253 990 1321 1054 uisi

206 1094 338 1158 firmata
370 1101 520 1158 exuema
544 1091 727 1175 agminis¹⁰
752 1087 921 1170 inissent,¹
949 1091 1066 1172 ingena
1096 1092 1130 1154 in
1156 1111 1199 1155 eo
1225 1092 1321 1156 saltn
1441 1093 1442 1136 l

207 1183 409 1279 accipienda
423 1195 541 1261 clades
552 1193 659 1258 luerit.
703 1191 799 1258 Tunc
813 1213 946 1277 quoqne
961 1190 1004 1257 ad
1021 1199 1208 1257 extremum
1231 1193 1322 1276 peri.

206 1297 274 1362 coli
287 1317 329 1362 ac
342 1316 451 1381 prope
465 1296 646 1380 perniciem
661 1301 798 1358 ventum
817 1303 891 1358 est:
913 1313 1005 1370 nem,
1030 1293 1109 1358 dum
1134 1301 1321 1360 cunctatur

208 1397 382 1462 Hannibal
398 1399 572 1461 demittere
584 1414 704 1477 agmen
714 1402 738 1434 ¹¹
755 1397 789 1470 in
801 1396 987 1476 angustias,
1000 1396 1167 1477 quianon,
1181 1403 1226 1460 ut
1242 1395 1322 1478 ipse

206 1500 378 1583 equitibus
403 1497 563 1583 pracsidio
577 1503 662 1575 crat,
689 1496 739 1561 ito
763 1495 939 1580 peditibus
961 1496 1144 1579 quicquam
1161 1497 1207 1560 ab
1223 1503 1320 1578 tergo

207 1601 329 1666 anxilii
344 1601 547 1684 reliquerat;
569 1604 783 1663 occursantes
807 1615 870 1680 per
895 1597 1038 1682 obliqua
1057 1599 1224 1675 montani,
1241 1617 1320 1681 per·
1441 1591 1442 1670 ἶ

205 1708 306 1786 rupto
316 1711 343 1741 ¹²
367 1701 476 1767 medio
489 1701 632 1784 agmine,
645 1701 737 1765 viam
751 1698 925 1764 insedere:
948 1715 1082 1782 noxque
1096 1718 1164 1764 una
1179 1698 1321 1765 Hanni·

206 1803 276 1868 beli
290 1804 364 1870 siue
376 1805 549 1888 equitibus
560 1812 664 1886 atque
677 1800 929 1885 impedimentis
943 1809 1022 1866 acta
1036 1807 1101 1865 est.

247 1904 304 1970 85.
325 1905 470 1971 Postero
495 1906 561 1982 die,
582 1905 655 1989 jam
676 1905 814 1986 mgniua
828 1902 1131 1968 intercursantibus
1144 1903 1318 1978 barbaris,

200 2007 328 2090 jonotae
351 2009 474 2091 copioe,
504 2008 675 2091 saltusque
697 2005 790 2070 bend
812 2005 885 2086 sine
910 2004 1006 2069 clade
1036 2005 1180 2090 (majore
1197 2013 1318 2070 tamen

200 2107 439 2190 jumentorum,
463 2127 562 2192 qnam
578 2108 761 2183 bominum,
785 2103 949 2190 pernicie)
961 2113 984 2154 ¹³
1009 2114 1212 2190 superatos:
1236 2105 1318 2180 iude

204 2210 354 2274 montani
368 2209 633 2292 paucioresjam,
648 2215 685 2301 et
696 2208 865 2277 latrocinii
881 2209 988 2290 magis
1005 2225 1105 2291 quam
1117 2207 1196 2272 belli
1209 2225 1315 2288 more,

205 2311 476 2374 concursabant:
509 2310 609 2374 modo
638 2311 674 2374 in
704 2309 862 2394 primum,
893 2309 995 2373 modo
1025 2311 1059 2373 in
1089 2309 1316 2374 novissimum

205 2429 334 2492 agmen
361 2418 544 2493 utcumque
557 2418 584 2457 ¹⁴
606 2416 668 2475 aut
692 2411 789 2476 locus
815 2410 1100 2495 opportunitatem
1125 2408 1316 2487 duretent

204 2511 374 2595 progressi
397 2509 580 2574 morative!
596 2511 746 2591 aliquem
772 2512 989 2576 occasionem
1016 2511 1188 2575 iecissent.
1233 2510 1316 2574 Ele·

203 2610 333 2696 pbanti,
348 2612 438 2681 sicut
452 2605 675 2696 precipites*
697 2629 758 2694 per
773 2617 886 2676 arctas
901 2611 975 2675 rias
990 2629 1110 2692 magna
1124 2631 1218 2676 mora
1234 2631 1314 2695 age·

237 2791 255 2840 s
266 2795 344 2847 Preat
354 2795 427 2846 Peri
433 2799 476 2846 rat
487 2795 553 2845 aura
561 2793 730 2860 praedm,
742 2797 784 2844 eat
794 2793 960 2844 σιιιιιιιιὸιιι.

204 3067 373 3128 Durium—ti
389 3065 555 3126 Fluejraade
565 3071 589 3116 ei
599 3065 755 3116 tntum-r
773 3067 906 3130 Composito
918 3066 1033 3116 Gronov.
1045 3066 1181 3117 Uruk-ti
1198 3065 1313 3118 &tiata

205 3130 273 3182 Edd·
282 3140 343 3180 ante
355 3131 485 3182 brak-ti
502 3131 573 3181 Olim
585 3131 724 3193 legebatur
735 3135 784 3180 eto
797 3135 863 3192 terge
874 3131 949 3180 curti
959 3131 1065 3180 runicus
1074 3131 1210 3195 emaque
1216 3138 1312 3194 pueri.

204 3199 270 3244 -ιθ
288 3195 330 3245 ΑΙ.
341 3201 447 3246 extrema
462 3197 632 3258 agaim-ll
650 3195 746 3258 Agarra
761 3195 885 3246 demittere
904 3195 1020 3245 Gronov.
1031 3195 1109 3246 Crer.
1143 3199 1205 3246 crat
1213 3203 1311 3246 metn-

203 3260 273 3309 reiur
290 3257 414 3310 Hannibal
429 3262 554 3310 demittere
569 3261 595 3310 ia
611 3262 737 3320 armins
752 3274 837 3322 σςιιιιι
854 3261 961 3324 Doujrt.
977 3260 1098 3310 dimittere
1112 3261 1204 3325 reliqui
1220 3275 1311 3311 omnes

205 3336 264 3373 tum
285 3325 350 3375 bier.
369 3325 425 3374 iere
443 3327 569 3373 omnibus.
611 3324 669 3374 vid.
690 3325 753 3373 Not.
772 3325 900 3373 Van-12
916 3324 1036 3387 Perrnpto
1052 3339 1085 3373 ex
1103 3325 1204 3374 entend.
1221 3323 1312 3390 Sigon.

203 3387 1065 3518 engo·ilimtzaenieiizedtizidbtquBdsg:immiwssgd
1071 3389 1267 3505 Friussenglroeiier
1277 3479 1309 3492 -

701 3614 812 3665 NOTIE

236 3726 736 3793 ¹Nirtptmtmtrmwriairsair·
775 3729 902 3782 Gronorii
923 3728 1062 3788 eorrectio,
1087 3726 1149 3778 sieut
1170 3729 1307 3792 principue

202 3803 327 3866 reat]1ta
347 3805 451 3867 scripti,
468 3805 538 3869 qood
558 3814 600 3856 ert
618 3805 688 3857 Gall.
705 3807 737 3856 Si
775 3822 834 3858 nant
845 3822 905 3870 cap.
917 3807 1033 3870 proxime
1046 3807 1175 3869 crepationi
1193 3807 1306 3858 babetur

201 3895 233 3929 ea
251 3878 319 3930 rr'ett
337 3894 382 3944 prr
400 3879 498 3946 sortiti
525 3879 735 3942 furibunde.-
774 3882 1152 3946 ‘primrmagmenelepbrnti
1166 3883 1307 3947 ctequitct

202 3969 263 4005 nem
284 3970 370 4018 epm
392 3957 434 4005 bie
457 3971 505 4020 pre
528 3966 584 4008 tote
606 3960 734 4007 exercitu.
774 3957 868 4008 erant.'
900 3957 1025 4022 Alioquin
1043 3965 1307 4021 noopoterantprn·

201 4030 252 4080 Sed
270 4045 322 4080 non
341 4033 409 4082 male
420 4033 447 4082 iu
458 4033 537 4086 editis
553 4033 684 4099 plerisque
695 4035 734 4083 le·
773 4035 868 4096 cipitur
877 4035 921 4097 egi
932 4035 959 4084 iu
971 4033 1011 4084 bis
1031 4047 1078 4097 per
1093 4041 1195 4084 morter
1207 4035 1306 4088 riatur!

203 4111 275 4176 gitur
283 4115 392 4162 extrema
401 4111 507 4172 quire.
775 4110 899 4176 ιιιςιιιιίίι
910 4110 967 4161 elne
977 4116 1051 4161 certo
1061 4108 1152 4160 mortis
1168 4109 1291 4172 periculo.

235 4183 248 4220 Ι
259 4185 400 4251 Eiepieati,
409 4187 473 4239 dcet
479 4183 628 4252 precipites]
640 4187 735 4240 Placet
