2917 4767
230 362 317 439 1398
540 382 543 389 ⁴
627 376 657 425 ι.
680 374 933 424 retruserunt

231 550 299 589 cum
311 526 482 587 serenissimi
494 527 593 587 vultus
606 526 764 596 hilaritate,
777 535 808 585 te
828 536 860 585 et
871 525 1032 602 intelligere
1048 524 1147 584 omnia
1166 521 1235 603 qaae
1246 526 1326 585 dise:

232 635 341 694 rentur,
352 633 382 683 et
394 623 493 683 lavere
512 624 622 682 dicenti
635 622 791 692 tentareris,
804 621 880 681 adeo
892 641 956 680 sum
976 620 1128 701 voluptate
1148 630 1180 681 et
1198 622 1327 682 admira·

231 721 310 779 tione
322 727 436 798 captus,
450 727 483 777 ut
495 718 601 777 exinde
614 737 672 776 non
680 720 747 797 jam
755 726 788 775 ut
798 736 893 775 meam
901 714 1103 775 tantummodo
1115 736 1327 797 regnorumque

231 814 373 884 Tuorum,
386 814 437 873 sed
458 823 492 873 ut
512 814 639 875 omnium
652 815 792 874 virtutium
812 814 1049 891 ingeniorumque
1071 810 1252 892 Principem,
1274 834 1327 874 co·

232 910 349 971 lendum
362 930 424 969 esse
436 918 600 971 statuerem.
643 908 747 989 Atque
766 906 890 967 eundem
908 908 1040 986 sequenti
1060 908 1177 979 biennio
1195 908 1328 968 favorem
1378 944 1385 951 ·

231 1024 296 1066 sum
308 1014 456 1084 expertus,
469 1006 583 1083 quoties
596 1004 754 1063 Ubseliam
765 1022 904 1081 regressa,
924 1002 963 1061 de
982 1003 1070 1061 rebus
1081 1022 1155 1081 quas
1167 1004 1326 1064 mandave-

231 1122 279 1163 ras
290 1103 381 1161 verba
392 1100 547 1160 facientem
559 1100 705 1161 audivisti.
748 1100 880 1159 Subinde
892 1120 961 1158 vero
981 1099 1141 1177 majoribus
1158 1118 1204 1158 me
1223 1119 1327 1159 cumu-

232 1197 328 1256 latura
339 1196 499 1265 beneficiis,
513 1196 584 1254 nihil
597 1196 657 1255 tale
678 1215 736 1254 non
748 1204 913 1274 sperantem
925 1193 1022 1262 modo,
1036 1192 1087 1251 sed
1100 1214 1137 1251 ue
1149 1195 1327 1271 cogitantem

231 1292 361 1372 quidem,
376 1291 405 1349 in
419 1291 517 1349 aulam
530 1292 676 1350 evocasti:
698 1291 749 1349 ubi
761 1310 829 1368 quie
849 1289 959 1359 statim,
973 1298 1026 1348 ant
1040 1308 1110 1348 mox
1130 1310 1149 1348 a
1161 1300 1191 1348 te
1202 1310 1327 1371 accepe-

231 1388 297 1457 rim,
311 1388 362 1447 vix
376 1387 462 1465 longo
474 1406 604 1446 sermone
617 1404 730 1465 possem
743 1404 922 1445 enumerare.
964 1384 1131 1444 Praelecisti
1151 1404 1198 1444 me
1211 1386 1326 1447 Biblio-

231 1483 325 1543 thecm
345 1480 430 1551 Tum,
452 1501 512 1559 qua
524 1479 607 1539 nulla
619 1481 673 1539 sub
685 1480 769 1539 initia
780 1481 879 1539 statim
891 1500 946 1539 sua
956 1479 1014 1538 suit
1030 1480 1213 1559 locupletior,
1227 1485 1327 1559 cujus·

232 1598 290 1656 que
312 1576 422 1638 auxilio
444 1578 533 1635 etiam
553 1577 583 1634 in
604 1576 648 1634 his
668 1575 878 1635 concinnandis
899 1576 1116 1655 Supplementis
1128 1578 1327 1657 maximopere
1358 1567 1364 1577 ’

231 1692 295 1732 sum
308 1672 436 1751 adjutus.
479 1671 718 1751 Historiographi
740 1670 857 1730 titulum
870 1672 1042 1750 imposuisti,
1056 1681 1146 1731 utres
1158 1674 1256 1732 nostra
1266 1693 1327 1732 me·

231 1768 324 1827 morie
336 1776 431 1844 gestas
443 1765 652 1844 gerendaque,
665 1784 734 1823 cum
746 1762 815 1823 Tibi
827 1764 983 1834 videretur,
997 1766 1159 1845 posteritati
1171 1752 1327 1827 tristiorem.

233 1861 459 1922 Habitationem
471 1862 501 1921 in
514 1860 614 1938 Regis
624 1859 702 1930 Tua,
714 1880 773 1918 non
784 1858 1048 1919 commodissimam
1061 1860 1160 1929 ιιιοάο,
1173 1861 1327 1923 sedetiam

233 1957 326 2038 (quod
339 1958 443 2035 magis,
457 1966 490 2016 ut
503 1958 532 2015 in
546 1956 612 2017 loco
624 1956 826 2025 celeberrimo,
840 1957 944 2015 mirum
960 1960 1018 2032 est)
1039 1956 1324 2035 tranquillissimam

231 2053 380 2123 salarium,
394 2061 427 2111 ut
447 2072 477 2111 re
491 2054 554 2131 ipsa
569 2052 715 2131 experior,
729 2050 914 2117 invidiosum.
936 2050 1072 2110 tribuisti.
1115 2051 1157 2109 Et
1176 2071 1243 2111 cum
1263 2052 1329 2116 htec

232 2148 318 2226 longe
339 2147 468 2205 maxime
488 2144 665 2214 viderentur,
686 2144 810 2203 effecisti
831 2153 864 2203 ut
883 2162 944 2222 prae
964 2143 1031 2213 illis,
1047 2164 1115 2222 quae
1135 2156 1235 2205 secuta
1249 2157 1328 2217 sunt,

232 2243 342 2321 possim
367 2242 477 2301 leviora
497 2241 618 2301 censeri.
660 2239 740 2299 Cum
759 2240 836 2297 enim
858 2238 1030 2297 Grmcarum
1056 2240 1204 2299 literanum
1229 2262 1329 2303 amore

232 2334 379 2414 flagrares,
393 2356 493 2403 sensus
505 2334 794 2395 eminentissimorum
807 2334 838 2393 in
854 2334 935 2394 civili
956 2335 1100 2414 sapientia
1119 2336 1268 2395 hominum
1288 2337 1329 2395 ab

233 2431 360 2510 ipsomm
372 2452 422 2491 ore
434 2431 554 2509 cupiens
574 2428 699 2496 haurire,
716 2429 814 2487 nescio
834 2429 981 2506 quomodo
995 2430 1126 2507 ignarum
1144 2429 1215 2508 quid
1228 2451 1328 2509 agere·

233 2536 290 2596 tur,
299 2526 350 2585 sed
363 2528 468 2586 sensim
481 2526 633 2595 irretitum,
642 2525 680 2585 ad
694 2524 771 2583 istud
784 2524 981 2601 magisterium
994 2526 1036 2585 ita
1048 2525 1211 2605 propulisti,
1219 2537 1254 2587 ut
1265 2538 1329 2587 tum

232 2622 350 2682 demum
363 2641 409 2681 me
421 2623 496 2681 serio
509 2620 613 2681 docere
628 2618 829 2696 intelligerem,
842 2640 910 2679 cum
920 2620 965 2679 Te
971 2624 1037 2700 jam
1054 2622 1148 2680 multa
1159 2624 1234 2682 serio
1245 2624 1329 2683 vide-

236 2737 296 2776 rem
309 2716 455 2779 didicisse.
499 2716 564 2777 Ista
574 2715 710 2774 Tuaarte
724 2712 899 2783 factumest,
912 2724 992 2774 uteo
1004 2726 1146 2796 tempore,
1160 2718 1241 2796 quod
1252 2721 1330 2778 intra

233 2814 397 2892 proximum
418 2813 566 2873 biennium
590 2811 708 2889 Regina
728 2830 861 2889 regnans,
887 2820 919 2871 et
938 2811 1122 2890 belligerans,
1143 2825 1174 2873 et
1199 2814 1330 2875 Comitia

232 2927 322 2987 saepe,
336 2917 367 2967 et
380 2906 521 2967 Senatum
534 2906 677 2986 quotidie,
690 2915 720 2966 et
732 2906 851 2984 negotia
862 2908 922 2967 alia
933 2908 1059 2986 plurimu
1071 2908 1264 2969 indesinenter
1275 2911 1330 2969 ha·

232 3002 316 3073 bens,
336 3003 393 3063 bue
412 3003 578 3084 impendere
600 3004 730 3083 potuisti,
747 3007 814 3081 jam
833 3024 871 3063 eo
891 3006 1072 3082 processeris,
1091 3015 1124 3063 ut
1136 3015 1202 3081 post
1213 3009 1330 3086 experi-

233 3100 374 3161 menta-in
388 3100 532 3181 Polybio,
547 3101 576 3159 in
591 3100 756 3161 Plutarcho
769 3100 860 3169 iacta,
874 3097 1035 3157 Platonem
1044 3100 1091 3171 (at
1101 3116 1189 3175 quem
1200 3100 1294 3160 virum
1305 3104 1330 3180 l)

231 3195 275 3253 ita
296 3196 386 3275 legas,
408 3207 440 3255 ut
462 3216 559 3276 operte
582 3214 655 3254 mem
681 3197 732 3255 vix
754 3196 856 3253 leviter
875 3213 974 3269 egens,
994 3193 1101 3250 cursim
1118 3211 1250 3270 exponas
1269 3197 1331 3256 cle·

233 3294 314 3368 genti
341 3290 500 3349 Latinitate
531 3289 684 3366 verbisque
713 3288 1005 3365 significantissimis:
1039 3287 1172 3367 adeoque
1198 3310 1330 3352 nonnun-

233 3404 323 3465 quam
335 3385 408 3444 vitia
421 3385 570 3453 versionis,
584 3384 622 3442 ab
639 3383 838 3443 eruditissimis
853 3384 1018 3443 bominibus
1030 3404 1136 3462 magno
1149 3385 1249 3446 labore
1262 3410 1329 3468 pro-

233 3490 354 3551 curatae,
381 3501 432 3560 per
452 3480 497 3540 Te
517 3478 743 3550 animadvertes,
770 3491 860 3559 atque
885 3481 960 3541 veris
992 3481 1154 3541 rationibus
1176 3503 1330 3562 coarguas

234 3576 352 3641 Quibus
363 3594 403 3635 ex
415 3577 502 3635 rebus
514 3576 648 3635 omnibus
659 3586 773 3637 tantm
785 3587 905 3656 tamque
925 3578 1038 3637 varium
1053 3578 1212 3658 purissimae
1225 3581 1327 3660 volup·

234 3672 302 3731 tetis
312 3670 437 3732 irucbrm
448 3673 545 3752 capio,
554 3680 588 3731 ut
595 3672 673 3751 apud
687 3673 803 3733 intimos
810 3673 996 3733 familiarium
1003 3673 1172 3753 simpliciter
1185 3674 1270 3734 lateri
1282 3698 1328 3736 so·

233 3767 322 3836 leam,
332 3788 389 3839 me,
398 3768 501 3849 siquid
514 3767 553 3827 ad
566 3767 693 3827 officium
706 3768 783 3827 istud
796 3768 925 3849 impendi
934 3770 1082 3849 temporis,
1093 3779 1145 3828 aut
1152 3769 1269 3841 laboris,
1278 3783 1330 3831 aut

233 3861 359 3944 denique
371 3864 579 3943 cogitationum
592 3873 623 3922 et
635 3862 730 3923 fidelis
742 3884 831 3934 cure,
848 3865 1009 3940 (molestias
1020 3865 1109 3934 enim,
1122 3867 1328 3926 conscientiam

232 3968 333 4031 testor,
346 3963 421 4021 sensi
434 3964 607 4042 nunquam)
621 3960 751 4021 idemne
770 3963 841 4021 milii
860 3962 1018 4041 cujuslibet
1033 3963 1111 4021 horte
1123 3965 1228 4043 pretio,
1238 3985 1329 4043 quam

234 4056 314 4135 apud
326 4066 355 4116 te
369 4058 485 4135 exigere
506 4057 598 4126 licuit,
615 4056 732 4117 abunde
747 4069 899 4137 pensatum
920 4059 1062 4119 arbitrari.
1105 4059 1152 4118 Ut
1171 4060 1248 4119 enim
1269 4061 1330 4121 alia

234 4162 359 4225 taceam,
374 4164 514 4233 quantum
528 4154 557 4213 in
570 4153 626 4215 hoc
640 4173 697 4215 uno
709 4164 765 4225 est,
783 4155 959 4216 Clarissimus
980 4154 1100 4232 Regum
1118 4154 1219 4215 adesse
1232 4158 1327 4237 quoti-
