2917 4767
742 384 777 435 'l'-
802 388 895 435 lalvll

357 553 366 565 ·
455 532 504 585 26.
525 524 622 586 Teuta
642 526 723 587 rudis
742 529 918 609 imperandi,
939 538 971 587 et
990 527 1150 587 muliebris
1167 526 1284 602 ingenii
1303 526 1368 586 sitia

406 638 510 700 'neque
521 623 645 693 ratione,
659 642 756 703 neque
769 646 822 683 usu
835 623 955 683 domare
966 624 1066 695 docta,
1079 626 1166 684 siout
1178 622 1220 681 ad
1234 622 1368 681 irntanda

253 720 337 769 zona.
414 716 484 776 odia
506 720 699 798 praecipitem,
722 722 766 780 sic
788 719 827 779 ad
849 720 1003 779 toleranda
1021 720 1164 780 timidam
1188 738 1222 777 se
1245 718 1368 795 gerebat
1428 749 1429 772 i

265 815 314 864 Dio
323 824 348 865 et
358 817 402 867 zo·
415 812 523 893 Itaque
542 823 692 893 comperto
709 814 821 874 bellum
837 814 977 875 adversm
992 836 1024 874 se
1037 818 1151 895 parari,
1167 812 1378 881 ‘reddituram

252 895 302 929 ¹¹¹¹·
415 909 562 970 Romanis
580 912 679 971 vivos’
699 912 835 991 pollicita
854 921 916 971 est:
944 912 1140 972 ‘interfectos
1164 909 1293 969 reddere
1315 930 1367 967 uon

414 1027 507 1086 posse,
522 1027 596 1086 quos
609 1008 718 1087 injussu
732 1028 784 1067 suo
803 1008 955 1087 praedones
967 1008 1185 1088 peremissent?
1229 1005 1309 1064 Haec
1328 1004 1365 1063 le

413 1104 493 1181 gatio
513 1122 683 1182 quanquam
704 1123 758 1182 pro
778 1104 979 1183 magnitudine
999 1104 1102 1163 delicti
1123 1121 1237 1182 parurn
1258 1099 1364 1159 sab'sfa·

412 1208 503 1269 ceret,
517 1208 614 1258 tamen
636 1200 708 1277 quia
727 1219 808 1278 spem
829 1200 984 1279 praebebat
995 1198 1218 1259 controversias
1229 1195 1365 1274 'lllyricas

364 1275 369 1291 ¹
412 1296 488 1352 citra
500 1294 613 1353 bellum
625 1296 763 1373 componi
776 1316 871 1375 posse,
884 1296 1011 1354 inhiberi
1023 1296 1084 1354 vim
1102 1293 1238 1373 placuit,
1251 1292 1363 1371 polique
1428 1307 1429 1344 l

413 1388 452 1447 ad
466 1408 582 1468 poenam
594 1410 644 1449 eos
657 1408 675 1447 a
687 1391 796 1468 quibus
807 1390 952 1451 interfanti
966 1390 1055 1469 legati
1069 1390 1265 1449 dicebantur.
1298 1385 1361 1445 lllu-

413 1484 468 1541 lier
488 1504 570 1543 arma
590 1504 658 1563 quan
679 1485 817 1545 timuerat
832 1486 945 1546 differri
958 1486 1073 1555 videns,
1085 1484 1225 1545 vicissim
1237 1502 1277 1541 ex
1289 1490 1361 1539 metu

412 1578 451 1637 ad
463 1581 590 1660 priorem
603 1580 789 1640 insolentiam
800 1583 933 1662 rapiente
945 1583 1038 1641 animi
1051 1582 1191 1649 levitate,
1205 1596 1302 1657 neque
1311 1575 1359 1635 dc·
1428 1625 1429 1676 p

411 1674 540 1735 dituram
554 1696 584 1734 sc
598 1696 768 1756 quenquam
778 1677 875 1745 dixit:
901 1686 932 1736 et
944 1687 978 1737 ut
987 1676 1077 1736 sacas
1087 1695 1214 1755 quoque
1228 1673 1360 1732 ferociam

288 1783 302 1815 0
345 1807 352 1822 ·
369 1788 400 1822 11·
411 1770 587 1841 ostenderet,
608 1790 697 1851 quarn
718 1773 817 1832 verbis
838 1772 1019 1853 praemlerat,
1039 1772 1187 1832 continuo
1206 1770 1308 1848 copies
1324 1765 1358 1825 ad
1428 1777 1429 1834 l

279 1864 292 1881 ''
413 1867 507 1926 Issam
516 1866 712 1927 obsidendam
725 1868 814 1927 misit.

452 1969 501 2024 27.
523 1961 596 2022 Non
617 1983 687 2041 ergo
699 1963 812 2023 diutius
823 1966 955 2025 cunctari
974 1966 1079 2034 smum,
1093 1965 1170 2044 quin
1188 1963 1277 2023 ambo
1292 1978 1355 2021 cos·

411 2058 489 2116 sules
507 2059 556 2134 (L.
576 2058 750 2118 Postumius
768 2059 811 2118 A.
830 2058 866 2118 F.
885 2060 928 2119 A.
945 2059 991 2119 N.
1010 2060 1144 2120 Albinus
1168 2062 1287 2125 iterum,
1303 2054 1355 2115 (ln.

412 2152 536 2212 Fulvius
554 2151 611 2212 Cn.
627 2152 662 2211 F.
677 2152 735 2213 (ln.
749 2153 795 2214 N.
809 2150 1021 2215 Centumalusl
1036 2158 1103 2235 jam
1116 2156 1282 2228 iniverunt)
1294 2170 1354 2234 curn

410 2248 567 2306 navalibus
577 2246 820 2328 pedestribusque
829 2252 923 2330 copiis
932 2250 1200 2331 proficiscerentur.
1223 2245 1359 2323 Cnful

410 2344 476 2400 rius
490 2341 614 2401 classem
634 2342 765 2404 ducebat
781 2346 902 2406 navium
918 2346 1123 2417 ducentum,
1138 2346 1176 2405 1.
1192 2343 1354 2405 Postumius

411 2436 548 2513 legiones.
581 2436 659 2497 Tum
672 2440 778 2498 iterum
790 2443 894 2501 territa
904 2440 1003 2502 Teute
1015 2442 1205 2501 Demetrium
1218 2438 1352 2498 Pharium

410 2530 449 2591 ad
461 2533 597 2591 consules
609 2552 713 2612 pacem
726 2535 851 2611 petitum
861 2536 951 2594 misit.
992 2534 1096 2615 Atque
1107 2537 1173 2595 illi⁸
1188 2536 1352 2616 pepigerunt

322 2652 329 2668 ·
408 2626 553 2697 inducias,
564 2629 589 2686 si
600 2626 745 2706 Corcyra,
755 2648 845 2707 quam
853 2650 947 2710 nuper
955 2641 1185 2711 occupaverant,
1197 2630 1296 2710 Illyrii
1302 2627 1350 2686 de·

407 2721 554 2783 cederent.
597 2722 748 2783 Proiectis
759 2724 798 2785 ad
811 2727 1011 2807 recipiendam
1022 2727 1189 2807 Corcyram
1203 2724 1348 2791 Romanis,

408 2828 549 2900 tanquam
568 2819 737 2898 longissime
758 2830 853 2881 metus
871 2824 967 2882 omnis
984 2824 1183 2897 abscessisset,
1201 2822 1242 2882 ad
1260 2821 1349 2900 priora

408 2916 532 2975 consilia
552 2915 693 2975 relabitur
715 2916 823 2987 Teuta,
845 2918 1056 2998 praefectosque
1077 2940 1146 2979 suos
1161 2920 1203 2987 ad
1225 2916 1347 2997 Dyrrha·

344 3012 508 3071 ·11·ohium
528 3019 559 3070 et
577 3010 772 3093 Apolloniam
792 3012 969 3072 obsidendas
987 3016 1087 3075 mittit.
1127 3016 1208 3086 Alii,
1227 3034 1282 3073 non
1298 3030 1347 3078 ¹ro·

283 3114 290 3130 '
346 3091 376 3133 '³
409 3107 522 3167 luntate
542 3106 645 3167 Teutae
665 3107 798 3167 deditam
820 3108 994 3188 Corcyram,
1007 3110 1058 3171 sed
1078 3111 1225 3171 Demetrii
1241 3110 1346 3189 privato

409 3202 542 3271 consilio,
567 3202 699 3271 tradunt,
720 3204 773 3283 qui
791 3205 962 3265 criminibus
986 3228 1018 3265 se
1040 3207 1121 3286 apud
1145 3206 1270 3267 Teutam
1291 3200 1344 3281 peti

247 3289 388 3402 rffilffilgin
409 3317 525 3374 gnarus,
539 3296 678 3357 adversus
691 3298 772 3359 illius
783 3301 967 3360 iracundiam
984 3302 1148 3381 proditione
1165 3301 1289 3384 presidii
1300 3296 1343 3357 cui

247 3389 333 3483 Polyb.
390 3388 397 3402 ⁶
409 3402 533 3472 preerat
546 3392 626 3471 apud
639 3393 793 3454 Romanos
805 3395 969 3475 perfugium
981 3399 1037 3457 sibi
1051 3400 1227 3478 qnaesivent
1266 3395 1341 3455 Ρη·

406 3486 482 3546 sidio
495 3487 665 3567 Illyriorum
679 3490 800 3561 tradito,
813 3491 1008 3572 Corcyremes
1017 3495 1137 3574 publico
1150 3493 1270 3556 consilio
1281 3489 1340 3550 Bo·

407 3583 501 3643 manis
512 3604 543 3643 se
555 3586 721 3663 permisere,
735 3586 847 3647 nullam
859 3589 915 3647 sibi
928 3588 1072 3669 reliquam
1085 3590 1189 3651 salutis
1200 3592 1275 3651 uam
1286 3604 1339 3645 eme

408 3680 474 3750 rati,
487 3681 543 3739 nisi
563 3682 694 3759 potentia
707 3691 768 3742 tam
780 3683 870 3743 clarc
882 3684 1012 3745 civitatis
1024 3687 1164 3747 adversus
1181 3686 1338 3766 Illyriorum

406 3774 528 3853 injurias
539 3784 769 3857 protegerentur.

446 3878 495 3931 28.
517 3872 549 3931 A
568 3872 701 3954 Corcyra
718 3873 820 3933 consul
835 3873 1030 3955 Apolloniam
1047 3898 1116 3938 enm
1136 3878 1229 3939 classe
1244 3872 1340 3956 petiits

662 4022 678 4067 8
695 4016 764 4068 Edd.
775 4024 837 4067 ante
848 4020 926 4071 Cres.
942 4021 1020 4085 Atqui
1031 4022 1077 4072 illi.

685 4224 698 4261 ἱ
717 4224 751 4276 A.
762 4227 796 4277 U·
808 4226 839 4278 C·
849 4232 906 4278 528.
924 4228 958 4278 A.
971 4230 1002 4281 C.
1013 4234 1070 4280 220.
