2917 4767
251 324 339 392 191111
714 342 751 390 n.
775 343 871 391 urrrr
986 347 992 356 ’

248 485 450 550 munimenta
478 483 580 548 modo
605 482 812 548 defendenda
837 483 924 548 autb
949 481 1272 563 unimorumesset,
1287 482 1356 550 sed

252 586 407 654 etiamad
420 585 654 650 lacessendum
667 583 799 648 bostem
812 586 944 668 praelio.
978 586 1165 670 Erumpunt
1178 588 1284 670 igitur
1298 606 1356 667 ag·

250 689 341 754 mino
356 707 376 752 e
390 689 523 766 cestris,
535 685 755 768 tripudiantes
766 705 859 750 more
870 706 957 766 eu03
977 689 1219 770 repentinaque
1233 707 1359 751 eornm

250 787 396 852 audacia
410 794 566 850 terrorem
581 785 682 861 boeti,
698 785 800 868 paulo
811 794 887 850 unte
901 789 989 852 ultro
999 789 1187 867 lacessenti,
1194 789 1357 852 incussit

251 887 375 970 Itaque
389 893 422 952 ct
434 888 511 968 ipse
528 885 726 950 Hasdrubal
740 887 776 949 in
790 886 911 951 collem
927 889 1013 953 eutis
1029 888 1184 964 arduom,
1207 893 1357 952 tutum¹²

249 989 387 1054 flumine
402 989 500 1052 etiam
517 987 665 1071 objecto,
687 994 755 1052 turu
769 988 889 1070 copias
901 989 1073 1065 subducit,
1088 996 1123 1053 et
1137 989 1356 1070 praemissum

250 1088 361 1154 levem
376 1096 578 1153 armaturam
604 1087 803 1172 equitesque
825 1088 965 1171 palatos
984 1089 1104 1154 eodem
1124 1090 1270 1172 recipit:
1293 1108 1356 1151 uec

252 1197 312 1260 aut
330 1189 409 1254 colli
436 1199 495 1255 aut
519 1187 648 1252 flumini
673 1191 758 1252 satis
780 1188 899 1267 fideus,
915 1190 1007 1254 vallo
1031 1201 1146 1255 castra
1169 1189 1355 1272 permuuit·

236 1285 291 1356 'lu
317 1291 380 1354 boc
405 1290 531 1355 alterno
559 1309 685 1373 pavore
712 1291 893 1354 certamina
908 1290 1039 1373 aliquot
1065 1296 1142 1355 snut
1156 1295 1355 1354 munuca:

249 1411 313 1455 nec
330 1391 480 1456 Numida
496 1391 652 1475 Hispano
674 1411 777 1473 eques
799 1410 861 1474 par
879 1393 965 1470 fuit3
987 1411 1052 1455 nec
1062 1391 1238 1476 jaculator
1254 1391 1357 1454 Mau·

251 1512 309 1558 rus
333 1497 472 1566 cetrato,
492 1492 672 1556 velocitate
694 1492 794 1574 puri,'¹
812 1491 932 1556 robore
955 1493 1057 1558 enimi
1077 1493 1272 1576 viriumque
1297 1491 1356 1556 ali·

251 1602 412 1680 quantum
426 1593 607 1676 prestanti.

254 1747 258 1754 .
294 1697 349 1760 27.
371 1695 553 1778 Postquam
571 1711 679 1776 neque
691 1692 814 1757 elicere
831 1691 976 1758 Poeuum
988 1693 1032 1759 ad
1046 1699 1214 1758 conamen
1230 1694 1355 1757 obver-

251 1801 317 1864 sati
339 1797 463 1862 castris
483 1802 645 1879 poterant,
662 1812 771 1875 neque
790 1801 981 1857 'castrorum
1005 1795 1213 1878 oppugnatio
1240 1792 1356 1858 iucilis

252 1907 340 1978 crat3
353 1898 467 1961 urbem
480 1893 690 1971 Ascuam,¹¹¹
701 1913 783 1976 quo,
794 1893 879 1958 fines
889 1894 1037 1957 bostium
1046 1895 1248 1975 ingrediens,
1260 1894 1356 1959 fles·

251 2000 370 2064 drubal
391 1997 589 2062 trumentum
613 2003 888 2077 commeatusque
903 1994 991 2058 alios
1005 2003 1222 2070 convexerat,
1236 1995 1276 2076 vi
1296 2011 1355 2060 cu·

252 2101 361 2184 piunt,
381 2098 538 2181 omnique
554 2097 644 2161 circu
657 2113 738 2176 agro
758 2094 940 2176 potiuntur.
987 2093 1061 2158 Nec
1071 2094 1156 2176 jum,
1171 2102 1232 2158 aut
1244 2094 1279 2158 iu
1295 2113 1353 2175 ug·

251 2200 353 2275 miue,
378 2205 439 2263 aut
464 2199 497 2261 in
520 2197 653 2271 castris,
676 2193 748 2258 ullo
769 2193 909 2276 imperio
931 2196 1107 2260 contineri.
1151 2193 1270 2272 Quum
1295 2194 1353 2258 ubi

251 2297 484 2382 negligentiam
500 2316 543 2360 ex
556 2315 590 2360 re
603 2295 657 2369 (ut
670 2291 725 2376 fit)
738 2294 824 2358 bene
838 2300 933 2377 gestu
946 2294 1025 2358 oriri
1039 2300 1185 2359 senserat
1193 2293 1352 2360 Hasdru·

252 2399 321 2470 bal,
336 2397 530 2464 cohortatus
546 2396 679 2472 milites,
696 2400 736 2458 ut
750 2394 885 2477 palatos
898 2394 970 2460 sine
992 2394 1099 2478 signis
1114 2395 1233 2460 bostar
1244 2403 1273 2444 ¹⁴
1294 2416 1354 2479 ug·

251 2501 475 2584 graderentur,
489 2497 668 2581 degressus
680 2503 705 2544 ¹5
728 2495 828 2575 colle,
842 2497 950 2581 pergit
963 2496 1012 2563 ire
1034 2499 1108 2563 acie
1122 2499 1287 2562 instructu
1310 2498 1353 2562 ad

252 2607 375 2667 castra.
398 2599 507 2678 Quem
520 2605 556 2663 ut
567 2598 685 2664 adesse
701 2597 906 2664 tumultuose
919 2600 1115 2664 nuntiavero
1125 2598 1292 2681 fugientes
1307 2617 1352 2664 ex

252 2701 399 2788 speculis
421 2701 703 2783 stationibusque,
724 2699 768 2764 ad
791 2717 885 2764 arma
903 2701 1144 2766 conclamatum
1163 2699 1261 2764 est¹⁶
1304 2701 1353 2765 Ut

252 2802 395 2888 quisque
418 2821 510 2866 arma
533 2808 675 2884 ceperat,
693 2803 766 2866 sine
789 2801 944 2884 irnperio,
958 2803 1031 2867 sius
1050 2803 1159 2883 siguo,
1171 2804 1350 2886 incompo-

253 2905 323 2984 siti,
342 2901 520 2968 inordinati
536 2903 570 2965 iu
585 2902 735 2985 praelium
750 2907 860 2964 ruunt.
902 2899 982 2966 Jam
998 2901 1097 2984 primi
1111 2910 1353 2968 conseruerunt

711 3061 894 3085 W

251 3188 313 3236 tute
324 3180 500 3232 Gronau-ll
519 3179 562 3229 ΑΙ.
577 3181 609 3230 ud
617 3184 795 3242 pugnum-12
813 3180 943 3242 littam
953 3178 1021 3228 Edd.
1032 3187 1093 3228 rute
1104 3176 1222 3229 crerier.

287 3251 316 3298 11
333 3247 437 3298 Anna
448 3244 515 3294 Edd.
527 3249 588 3294 oute
600 3243 751 3294 nna—rr
769 3243 839 3293 Olim
850 3243 994 3306 legebatur,
1008 3247 1036 3291 ut
1051 3243 1160 3305 niuster
1172 3243 1252 3303 signio
1262 3243 1351 3292 Mr-

252 3317 316 3364 -lt
335 3310 376 3362 At
393 3309 588 3372 diversae—lt
606 3307 681 3365 Quen
689 3313 716 3358 ut
724 3310 804 3358 odem
812 3309 954 3358 nundum
964 3307 1044 3356 mii
1053 3307 1200 3368 refugientes
1209 3321 1243 3356 ex
1251 3301 1352 3370 meniu

746 3467 855 3521 Nom

287 3577 298 3604 ¹
322 3571 430 3628 Grtruto,
455 3566 579 3616 uelocitate
604 3565 671 3628 puer]
700 3567 781 3618 cetra
819 3566 848 3615 N
857 3579 905 3628 pro
919 3563 949 3614 V.
981 3563 1106 3613 Putarem
1124 3562 1350 3616 cambe-dumiia-

252 3647 329 3714 quole
341 3645 374 3693 rit
384 3641 469 3706 clypei
479 3655 569 3703 genas,
578 3640 633 3703 jem
642 3640 763 3705 explicui.
815 3655 892 3694 m,
903 3653 955 3704 quo
965 3639 1067 3687 nomine
1075 3638 1201 3702 oppidu·
1210 3640 1238 3688 ln
1248 3639 1351 3690 hro..

285 3727 298 3755 ¹
314 3721 418 3770 Amc-
442 3715 570 3781 [Am]
588 3715 780 3766 Celtiberorum
817 3717 849 3764 lit
860 3715 1015 3764 Ptolsrurenr
1026 3714 1153 3777 nomiust,
1160 3716 1237 3778 cuju·
1251 3723 1281 3766 et
1296 3717 1351 3766 Pli-

252 3796 376 3862 oppidum
387 3793 475 3855 lubre,
494 3791 536 3841 cui
553 3803 620 3840 urruc
631 3805 725 3840 nomeu
736 3790 781 3839 Ar·
818 3791 876 3841 uiue
886 3789 1016 3839 meminit:
1034 3789 1061 3838 id
1080 3791 1161 3839 bouso
1174 3791 1201 3839 iu
1218 3799 1350 3842 coureutn

252 3875 330 3934 mdo,
341 3877 432 3936 quarto
444 3866 545 3916 milliari
557 3881 572 3914 u
582 3865 677 3915 Toleto
691 3872 781 3915 censet
821 3865 971 3928 Artigituuc
982 3865 1066 3929 pouit,
1077 3873 1105 3916 et
1117 3865 1207 3916 Cubrni
1221 3867 1349 3930 iuterpre-

253 3949 395 4002 Ferrrrius,
412 3958 488 4009 quern
502 3941 780 4004 io'l'ubulallirpruiae
822 3949 902 3996 trtur,
926 3941 969 4004 qui
994 3943 1068 3991 iocur
1091 3941 1119 3991 iu
1144 3941 1257 3994 cuutiuiu
1278 3945 1350 4007 regni

250 4030 355 4075 nentur
378 4023 468 4072 Sunio.
506 4018 614 4084 Scripti,
638 4017 780 4081 inquibus
820 4015 1207 4080 Grsnrteurirerllirprlenrir.
1236 4017 1351 4070 Sedboe

254 4097 328 4150 Colb.
346 4081 565 4147 iubentem.
599 4093 632 4142 Et
646 4089 779 4155 iscilepo-
820 4093 920 4158 lougioa
930 4091 1194 4146 murucouberu.

253 4175 304 4230 tuit
318 4175 345 4226 lu
360 4172 470 4240 vulgetis
481 4171 596 4235 irrepere
609 4169 634 4220 Ε
645 4183 694 4234 pro
710 4169 741 4234 c,
752 4176 781 4219 et
1012 4165 1018 4182 ¹
