2917 4767
500 387 574 437 nm.
596 387 686 438 xxi.
706 389 791 440 ose.
813 373 868 440 23.
1148 375 1234 444 lma

93 529 371 616 Carthaginem
384 531 429 598 ad
441 531 593 616 hyberna
606 533 777 600 exereitus
791 533 917 614 rediit:
937 539 1040 617 atque
1055 533 1144 612 inde,
1158 555 1233 620 pro-

102 636 383 720 reeenspreter
401 635 617 702 Etouissam⁸
640 636 781 714 urbem,¹
804 637 848 702 ad
869 636 1004 702 Iberum
1020 639 1236 702 maritimam·

103 755 187 820 qun
202 756 307 802 oram
324 736 434 801 ducit.
476 736 544 814 lbi,
558 737 726 817 lamaest,
739 741 771 803 in
787 740 898 821 quiete
909 741 1019 804 risum
1033 740 1077 803 ab
1091 758 1132 803 eo
1140 739 1236 821 juro·

103 857 199 904 nen
233 838 353 903 divina
380 839 509 921 speeie,
539 840 601 922 qni
635 859 673 904 se
698 841 742 904 ab
768 839 860 906 Jove
892 840 1020 906 diceret
1053 840 1173 905 dnoern
1198 841 1247 904 in.

105 938 270 1007 ltaliam
295 939 483 1005 Hannibali
496 941 657 1006 missum:
679 941 823 1025 proinde
838 948 1042 1025 sequeretur,
1057 959 1164 1024 neque
1180 961 1237 1006 ns·

105 1059 233 1125 qnam
257 1061 282 1105 a
301 1061 342 1105 ae
356 1040 543 1106 deflenteret
557 1042 686 1106 oeulos.
730 1041 899 1108 Pavidum
923 1043 1045 1124 primo,
1071 1061 1235 1125 nusquam

107 1142 460 1225 circumspicientem
476 1151 536 1208 aut
549 1143 795 1226 respicientem,
820 1150 996 1221 secutum:
1019 1142 1151 1218 deinde,
1176 1163 1236 1208 cu·

108 1259 156 1324 ra
171 1243 321 1308 hnmani
334 1244 467 1324 ingenii,
492 1263 580 1319 eum,
594 1242 757 1327 quidnam
772 1243 806 1308 id
829 1253 933 1323 esset,
953 1244 1044 1327 qnod
1067 1246 1236 1329 respicere

112 1347 261 1409 vetitus
275 1353 375 1420 esset,
389 1346 535 1424 agitaret
547 1346 672 1421 animo,
688 1353 875 1427 temperare
890 1346 997 1410 oculis
1018 1347 1213 1428 nequivisse
1226 1367 1235 1425 ;

115 1453 202 1510 tnrn
217 1446 361 1522 vidisse,
375 1452 539 1528 postesse
554 1455 746 1528 serpentem
759 1447 841 1510 mira
853 1446 1080 1528 magnitudine
1096 1466 1170 1511 oum
1184 1450 1235 1512 in·

113 1549 224 1626 genti
252 1549 411 1610 arborum
426 1566 469 1610 ao
484 1546 704 1628 virgultorum
719 1553 830 1627 strage
845 1547 934 1622 ferri,
950 1565 991 1610 ao
1006 1553 1084 1628 post
1103 1549 1236 1631 insequi

118 1665 210 1712 enm
230 1647 366 1728 fragore
386 1647 464 1712 eoeli
478 1649 650 1711 nimbum:
672 1656 755 1720 tum,
775 1651 877 1730 ‘quae
901 1648 1008 1710 moles
1031 1666 1084 1723 ea,
1110 1647 1236 1730 quidve
1350 1691 1360 1740 1·

118 1749 281 1831 prodigii
310 1748 422 1825 esset,’
448 1755 649 1831 quaerentem
673 1750 833 1814 audisse:
872 1745 1097 1812 ‘vastitatem
1127 1747 1236 1816 ltaliae

119 1867 223 1914 esse.
268 1849 429 1930 Pergeret
446 1869 547 1932 porro
569 1851 628 1926 ire,
649 1869 711 1914 nec
727 1851 816 1914 ultra
831 1850 1023 1932 inquireret,
1046 1849 1237 1931 sineretque

120 1949 253 2014 fatain
268 1950 406 2013 ooonlto
421 1949 520 2013 esee?
1222 1995 1225 2004 .

125 2111 129 2116 .
172 2052 234 2116 23.
254 2049 338 2115 Hoc
362 2051 438 2114 visu
458 2051 561 2116 laetus
589 2047 758 2135 tripartito
779 2047 914 2113 Iberum
943 2047 1062 2131 copias
1093 2047 1237 2130 trajecit,

124 2152 332 2236 praemissis,
356 2153 414 2233 qni
437 2150 613 2217 Gallorum
632 2153 774 2228 animos,
800 2169 868 2234 qua
892 2148 1119 2214 traducendus
1145 2169 1238 2212 exer·

127 2254 221 2318 citus
248 2253 334 2328 erat,
361 2253 459 2315 donis
485 2253 717 2330 conciliarent,
744 2251 949 2336 Alpiumque
969 2251 1133 2316 transitus
1160 2269 1239 2333 spe·

129 2355 337 2418 calarentur.
399 2352 591 2436 Nonaginta
621 2353 727 2418 millia
750 2352 911 2435 peditum,
933 2351 1107 2414 duodecim
1131 2352 1238 2416 millia

130 2457 284 2537 equitum
313 2454 443 2518 lberum
475 2455 635 2520 traduxit
690 2454 851 2538 Ilergetes
882 2452 960 2516 inde
990 2452 1239 2534 Bargusiosque

134 2561 171 2620 et
190 2551 418 2620 Ausetanos*
437 2561 473 2619 et
492 2551 756 2628 Inmmniam,²¹
782 2573 859 2634 quae
882 2552 1036 2632 subjecta
1064 2551 1239 2632 Pyrenoeis

598 2713 778 2740 unumne

132 2827 200 2880 era?
216 2829 244 2880 J.
257 2829 287 2877 Ρ.
298 2827 415 2878 Gronov.
450 2825 518 2878 Add.
534 2833 570 2877 eal
587 2825 696 2888 Dnujat.
709 2831 737 2876 et
750 2824 913 2875 Oresten-i
930 2824 1028 2938 ‘Alpse
1041 2823 1099 2873 inde
1112 2823 1240 2888 pressum,

130 2901 223 2959 prater
235 2893 372 2942 Etenim
381 2893 471 2953 arbem,
480 2893 513 2941 οὐ
522 2892 619 2940 lbrrsra
633 2891 755 2939 mitius
766 2905 808 2938 ors
818 2891 884 2938 dreit
900 2889 966 2950 conj.
998 2903 1038 2936 ne.
1048 2889 1163 2938 Gronov.
1180 2893 1240 2953 quia

132 2959 283 3006 mainan
294 2971 383 3005 omnes
394 2971 467 3018 quarte
479 2957 544 3005 Mes.
555 2959 612 3004 sine
622 2955 717 3015 roprrla
732 2969 777 3016 que
788 2953 921 3002 exhibent.
956 2953 1100 3004 Etouisssru
1114 2967 1175 3004 vero
1189 2968 1240 3004 non

133 3025 303 3078 maritimam,
314 3021 360 3070 sed
372 3021 589 3072 mediterraneam
600 3019 689 3069 urbem
698 3033 766 3081 esse,
777 3026 864 3067 meust
878 3015 970 3066 Drakss
986 3017 1087 3078 Ruprrt.

165 3090 183 3138 2
200 3086 388 3149 flancsigonli
405 3084 612 3138 emendationem
629 3082 788 3148 posteriores
806 3089 964 3146 receperunt
982 3080 1111 3132 editores:
1128 3081 1154 3132 in
1173 3081 1240 3132 Mra.

638 3225 748 3278 NOTAE

166 3337 180 3373 r
199 3329 299 3377 Proeter
310 3325 458 3389 armona]
481 3324 561 3389 Apud
579 3326 670 3375 Ptole·
711 3320 1240 3388 baltrdesertbir:qrrspreprerreterripe·

135 3419 233 3454 mum
249 3402 364 3452 sernrrit
383 3403 445 3450 urbs
466 3401 671 3460 Hedetsnornm,
710 3398 819 3449 teritsd
831 3400 958 3448 Valentia
969 3399 1164 3462 catalonioeque
1180 3412 1241 3450 nou·

134 3483 190 3531 sire
201 3479 405 3538 Sedetanomnr,
416 3475 554 3537 Uriam:
568 3478 670 3526 Μαῖα·
710 3476 791 3536 linia3
812 3477 856 3526 ubl
868 3475 944 3524 bodie
956 3476 1070 3530 Birsama.
1086 3489 1137 3524 uon
1151 3476 1241 3539 procul

135 3565 179 3606 tor
199 3553 331 3604 molem
349 3554 421 3614 legit,
442 3553 485 3602 alil
505 3551 672 3606 Heteireia.
712 3551 810 3612 Ibero:
823 3561 867 3601 snt
878 3551 921 3602 ubi
931 3551 1088 3614 Mamaeam
1101 3552 1185 3614 ipsun:
1195 3550 1241 3602 flu·

136 3631 412 3697 uagiassfisslmn.
434 3630 672 3692 assummum:
711 3639 781 3687 men,
798 3640 849 3691 qua
868 3628 974 3690 regione
996 3625 1069 3676 foere
1091 3627 1152 3676 olim
1175 3624 1240 3676 ller-

138 3708 172 3759 sb
184 3709 327 3759 Sedetanis
342 3709 513 3769 distinguens,
529 3708 580 3756 illis
592 3706 670 3768 assig·
712 3715 816 3751 cannes.

137 3792 184 3834 nat
195 3784 324 3832 Etobeurs
335 3784 390 3831 sive
399 3783 544 3837 Emisere,
553 3782 672 3845 locatque
745 3775 758 3812 l
774 3778 919 3840 Arurtnaer]
949 3777 1024 3826 Dioti
1042 3785 1103 3826 srrnt
1117 3777 1141 3826 bi
1155 3777 1243 3838 popuii

139 3859 182 3910 nbi
194 3872 265 3909 asne
285 3857 370 3922 Bsfisl
389 3859 414 3904 in
432 3871 511 3918 regno
527 3857 672 3906 Valentia:
712 3855 746 3904 ab
758 3852 830 3904 Aura
843 3855 915 3918 (quse
928 3853 1113 3917 posterioribus
1127 3853 1245 3913 Ausona)

139 3933 209 3998 qaod
225 3931 354 3997 oppidum
371 3935 460 3994 procul
475 3931 563 3981 lbere.
597 3931 674 3982 Unde
713 3931 820 3994 oppido,
838 3929 906 3994 qnod
919 3927 1243 3994 nuneCatalouiaeacren·

139 4010 205 4060 sind
215 4011 285 4060 bane
293 4006 403 4058 lineium
418 4009 470 4057 sita
485 4006 535 4057 luit
552 4009 673 4070 Etouissa,
714 4013 897 4068 neronemque
909 4005 968 4053 urbs
986 4003 1157 4066 Episcopalis,
1168 4003 1245 4066 vulgo

140 4087 237 4136 albis.
257 4091 347 4142 notat,
362 4090 431 4131 esset
449 4082 519 4132 forte
537 4084 564 4131 iu
574 4081 674 4145 Arago·
718 4083 762 4132 Vir
773 4081 889 4130 d'Osoau.
922 4078 1245 4141 Subbrsquoquesserun·

141 4162 328 4224 sinubiuune
342 4161 427 4220 Caspe.
461 4159 514 4210 Sed
526 4160 625 4209 Noster
633 4173 673 4210 se·
713 4156 808 4207 denses
829 4153 913 4218 fuere,
933 4169 1000 4205 nune
1026 4153 1087 4204 Villa
1102 4157 1127 4203 et
1143 4153 1246 4204 Diruere

138 4239 249 4292 easdam
262 4234 426 4292 maritimam
435 4234 565 4285 oraniter
573 4233 674 4286 Hand·
711 4234 743 4284 ds
755 4231 880 4294 Girsu:
890 4229 959 4297 apud
972 4231 1142 4282 Prolenieun
1153 4229 1243 4284 Aulis·
