2917 4767
229 384 318 453 206⁰
702 400 738 447 u.
762 398 858 447 nrvu

233 545 321 612 adeo
344 543 521 626 conjuncta
542 541 704 606 societate
726 542 855 620 Poenis,
871 546 908 605 ut
935 558 1020 606 uxor
1041 538 1120 607 inde
1147 540 1343 607 Hannibali

233 654 336 724 esset,
350 644 393 709 ad
409 644 585 708 Romanos
598 644 733 708 defecit.
777 642 1068 727 Carthaginienses
1083 643 1255 726 Illitorgin
1276 665 1342 727 op-

232 765 381 832 pugnare
402 744 521 823 adorti,
535 745 618 829 quia
637 744 834 827 praesidium
857 744 907 819 ibi¹
922 744 1114 810 Romanum
1128 753 1225 809 erat:
1248 746 1340 809 virle-

208 850 417 933 ·bauturque
442 846 558 929 iuopia
587 864 663 909 eum
685 846 798 911 locum
818 848 965 911 maxime
990 848 1234 929 expugnaturi.
1279 846 1341 909 Cn.

232 950 362 1032 Scipio,
377 953 416 1013 ut
431 949 538 1012 sociis
553 947 778 1032 praesidioque
792 947 891 1013 ferret
913 966 1023 1030 opem,
1039 968 1117 1011 oum
1133 948 1266 1029 legione
1282 968 1339 1011 ex-

231 1052 346 1135 pedita
360 1050 542 1134 proiectus,
557 1050 676 1115 inter¹²
695 1051 774 1115 bina
795 1054 906 1114 castra
920 1068 998 1114 ounr
1014 1068 1134 1129 magna
1149 1048 1247 1113 caede
1262 1048 1338 1111 inos-

231 1152 315 1215 tium
339 1151 454 1214 urbem
476 1158 529 1214 est
552 1150 732 1232 ingressus,
754 1155 789 1215 et
810 1155 948 1233 postero
973 1150 1030 1214 die
1045 1152 1223 1231 eruptione
1240 1169 1339 1232 euque

231 1252 324 1316 felici
347 1252 519 1334 pugnavit.
572 1250 684 1334 Supra
706 1252 885 1315 duodecim
913 1250 1021 1315 millia
1045 1250 1218 1314 hominnm
1248 1269 1341 1314 reesa

232 1352 364 1415 duobus
378 1352 528 1434 proeliis:
549 1352 628 1434 plns
643 1352 735 1417 mille
751 1354 880 1435 capti‚¹³
896 1370 974 1416 oum
996 1370 1058 1415 sex
1075 1358 1110 1414 et
1124 1351 1260 1431 triginta
1279 1351 1341 1413 nri·

231 1453 386 1517 litoribus
402 1451 519 1534 signis.
563 1452 619 1516 Ita
633 1454 677 1515 ab
693 1453 840 1535 Illiturgi
855 1472 1024 1517 recessum
1038 1458 1135 1515 esta*
1179 1452 1343 1530 Bigerrass

232 1555 313 1620 inde
328 1557 406 1620 urbs
419 1553 532 1639 (socie
546 1561 583 1617 et
595 1553 672 1617 hoeo
688 1552 919 1617 Romanorum
935 1550 1024 1633 erat)
1044 1571 1066 1615 a
1088 1549 1342 1632 Carthaginien·

233 1659 328 1721 sibus
342 1656 529 1739 oppugnari
545 1661 662 1737 coepta
676 1660 741 1717 est.
786 1651 872 1717 Eum
898 1651 1109 1717 obsidionem
1135 1653 1208 1716 siue
1232 1660 1338 1716 certa-

230 1760 321 1821 mine
336 1757 520 1819 adveniens
535 1754 597 1819 Gn.
613 1754 731 1836 Scipio
748 1752 861 1817 solvit.
1211 1808 1224 1815 ..

274 1858 330 1921 42.
352 1856 408 1919 Ad
434 1852 622 1920 Mundam*
644 1852 766 1918 exinde
792 1860 903 1919 castra
924 1853 1058 1918 Punica
1080 1859 1191 1920 mota:
1217 1864 1253 1919 et
1268 1854 1343 1919 Ro·

233 1960 323 2022 mani
343 1977 384 2021 eo
408 1955 584 2021 confestim
607 1955 715 2018 secuti
736 1962 822 2017 sunt.
866 1954 920 2018 Ibi
941 1954 1047 2036 siguis
1062 1956 1197 2021 collatis
1212 1976 1342 2040 pugna-

231 2066 301 2123 tum
323 2078 385 2142 per
406 2066 549 2141 quatuor
567 2056 666 2119 lernae
684 2055 803 2120 horas:
826 2057 1021 2138 egregieque
1040 2056 1253 2121 vincentibus
1271 2058 1343 2122 Ro-

233 2161 345 2224 mauis
359 2161 487 2241 signum
505 2158 650 2239 receptui
662 2163 717 2219 est
730 2157 858 2234 datum,
871 2155 962 2238 quod
978 2155 1041 2218 Gn.
1050 2156 1223 2240 Scipionis
1238 2158 1344 2223 femur

233 2260 364 2341 tragula
379 2258 548 2322 confixum
564 2262 653 2335 erat;
670 2274 838 2339 pavorque
854 2256 1036 2320 circaeam
1052 2266 1188 2341 ceperat
1201 2260 1342 2337 milites,

232 2379 274 2422 ue
302 2357 505 2421 mortiferum
530 2364 618 2421 esset
642 2356 776 2421 vulnus.
821 2356 972 2423 Ceterum
996 2358 1086 2425 haud
1108 2360 1248 2425 dubium
1270 2362 1344 2440 suit,

234 2641 264 2686 ll
284 2637 359 2699 Couj.
370 2636 482 2698 Rupert.
497 2636 529 2682 uri
543 2638 635 2696 ponem
648 2635 837 2683 Victoria-re
855 2634 898 2684 Al.
914 2636 1055 2686 intre—lt
1073 2638 1134 2685 Plus
1145 2639 1225 2687 desen
1239 2640 1344 2691 suillibus

234 2707 329 2764 ceptam
338 2700 453 2750 Gronov.
464 2699 570 2760 Doojat.
583 2698 698 2747 Crevier.
715 2700 768 2759 plur
778 2700 857 2747 decem
873 2700 949 2749 millia
960 2707 1029 2764 coptu
1040 2702 1107 2751 Erid-
1116 2710 1178 2750 sule
1191 2705 1343 2753 Gronov.-

235 2771 265 2815 lt
281 2765 352 2814 Olim
364 2764 509 2827 legebatur,
520 2764 556 2811 itu
566 2763 596 2811 ut
608 2763 717 2824 ltliturgi
730 2776 843 2813 recessura
855 2764 1030 2816 morosiore.
1063 2766 1123 2815 vid.
1136 2768 1200 2816 Not.
1211 2769 1276 2818 Ver.

729 2919 838 2967 NOTAE

265 3016 396 3073 ‘Gustata
414 3019 481 3079 sris]
502 3021 606 3072 Centau,
628 3015 695 3065 unde
716 3016 763 3063 inr-
805 3014 866 3077 pido
885 3016 1001 3080 assignat
1020 3018 1113 3079 Ssnso,
1130 3018 1175 3069 nbi
1195 3036 1265 3071 noue
1284 3023 1344 3073 Pes·

232 3095 317 3156 perite
328 3094 432 3156 quidun
444 3095 567 3143 castella
579 3106 671 3142 nomen
682 3091 763 3140 deriu-
803 3104 883 3153 guero,
894 3105 945 3140 non
957 3094 1047 3155 procul
1060 3094 1162 3143 Csbriel
1174 3110 1261 3146 amne.
1285 3098 1343 3161 Ego

230 3174 303 3228 eunt,
314 3166 383 3230 quod
395 3169 484 3228 procul
496 3167 528 3216 ab
539 3182 571 3217 eo
583 3175 666 3217 tractu
677 3166 762 3229 eapite
805 3166 914 3215 nominis
931 3169 1043 3232 vestigia
1060 3177 1165 3219 secutus
1184 3180 1251 3235 puto
1270 3174 1344 3234 Bgis·

232 3244 283 3294 fnit
300 3244 360 3292 urbs
381 3243 566 3303 Oretanornm,
583 3244 626 3307 qui
647 3241 695 3291 sub
714 3243 764 3290 Ro·
803 3242 904 3306 νωμᾶ
917 3244 1037 3294 dextrum
1048 3245 1179 3303 Sucronis,
1191 3248 1341 3297 intercon-

232 3322 313 3369 manis
341 3319 481 3383 provinciae
508 3318 705 3379 Tarraconensi,
733 3331 763 3367 se
805 3318 876 3367 elram
895 3320 927 3368 sd
947 3321 1161 3385 septemtrionem
1181 3334 1209 3371 et
1228 3324 1343 3373 Alsreon

232 3394 326 3443 deinde
339 3394 547 3456 Carthaginiensi
561 3395 593 3443 ab
606 3394 649 3442 ille
662 3393 762 3443 detruc-
805 3393 837 3442 sd
855 3396 997 3460 meridiem,
1013 3396 1059 3447 sed
1076 3398 1135 3448 lruie
1153 3401 1234 3449 multo
1252 3404 1341 3467 propi·

232 3478 276 3531 ω,
299 3470 452 3523 contributi,
473 3469 499 3517 in
525 3467 619 3519 linibus
645 3470 763 3518 uarice.
805 3483 885 3521 orem.

232 3544 356 3594 Creditur
375 3544 454 3591 luisse
472 3544 514 3592 ubi
532 3558 600 3592 nune
621 3544 724 3594 Castores
741 3547 764 3595 lu
837 3546 906 3597 lAri
925 3546 1054 3609 Mustium]
1073 3546 1106 3597 In
1126 3549 1255 3600 ulterioris
1277 3552 1340 3601 His·

234 3618 312 3679 Vieju.
333 3616 403 3679 qnod
433 3617 495 3666 Nie.
517 3618 628 3667 Ssusoni
656 3620 763 3680 placem
805 3622 890 3687 paniae
907 3630 981 3686 parte
999 3638 1075 3687 quam
1091 3622 1218 3674 Baeticam
1235 3640 1251 3674 s
1270 3626 1342 3677 usu

230 3705 378 3758 quenquam
406 3691 508 3741 Brietio
529 3699 570 3742 est
593 3694 709 3743 Cazortn:
737 3695 763 3743 in
804 3697 884 3748 fluvio
894 3698 995 3760 dixere,
1005 3698 1038 3747 ad
1051 3699 1179 3749 Mundam
1190 3698 1297 3751 florium
1315 3705 1342 3753 in

231 3768 354 3819 certene
371 3782 445 3817 nore
465 3766 558 3817 finibus
576 3784 627 3833 qus
646 3771 763 3834 proxime
805 3773 918 3823 Bastulls
934 3773 1023 3823 Ptenis
1040 3771 1091 3822 luit
1109 3774 1219 3831 Munus.
1231 3777 1343 3830 victoris

231 3845 356 3895 Granatse
368 3858 476 3908 regnum
487 3845 603 3909 attingit·
805 3848 956 3899 Caesarisne
966 3848 1086 3911 Pompeii
1094 3847 1260 3901 filiiselsrsus
1271 3864 1343 3918 post·

263 3919 411 3982 sBigmu]
438 3920 582 3970 Bastitania
603 3920 764 3970 tribuitura
804 3938 837 3973 ea
858 3924 992 3988 oppidum.
1029 3924 1146 3974 Brittios
1169 3939 1264 3979 nornen
1288 3946 1342 3981 ser-

230 3995 375 4044 Ptolenroeo
392 3995 506 4056 Bigerra,
518 3996 562 4059 qui
578 3994 652 4045 luere
670 3996 697 4045 in
714 3997 763 4045 ori·
804 4014 865 4049 rare
882 4002 936 4051 uite
960 4000 1037 4065 vulgo
1057 4008 1142 4050 ismen
1161 4002 1281 4053 ereditur
1301 4006 1341 4057 fn·

231 4072 311 4120 entsli
329 4079 404 4135 parte
423 4074 506 4121 Norae
525 4074 720 4138 castellumque
737 4089 764 4123 se
804 4076 864 4140 isse,
878 4077 922 4125 ubi
939 4090 1008 4123 nuno
1021 4076 1108 4125 Roneis
1126 4076 1202 4137 Vidn,
1222 4082 1250 4128 in
1268 4086 1344 4146 regni

230 4146 257 4195 iu
275 4146 405 4195 Valentia
424 4162 530 4209 regnum
548 4149 668 4197 insinuat.
693 4150 765 4199 Mus·
805 4152 977 4201 Grsnateusis
989 4160 1064 4213 purte
1076 4154 1278 4207 occidentaliad
1289 4157 1344 4207 An·

231 4222 298 4271 etun
313 4219 389 4269 hodie
402 4230 504 4271 vocant.
539 4223 636 4273 Locum
649 4224 708 4273 huie
718 4238 764 4287 op·
804 4225 911 4277 delusio
922 4224 1040 4276 confinis.
