<?xml version="1.0" encoding="UTF-8"?>
<!DOCTYPE html PUBLIC "-//W3C//DTD XHTML 1.0 Transitional//EN"
    "http://www.w3.org/TR/xhtml1/DTD/xhtml1-transitional.dtd">
<html xmlns="http://www.w3.org/1999/xhtml" xml:lang="en" lang="en">
 <head>
  <title>
</title>
<meta http-equiv="Content-Type" content="text/html;charset=utf-8" />
  <meta name='ocr-system' content='tesseract 3.04.00' />
  <meta name='ocr-capabilities' content='ocr_page ocr_carea ocr_par ocr_line ocrx_word'/>
</head>
<body>
  <div class='ocr_page' id='page_1' title='image "./tliviipatavinih00unkngoog/tliviipatavinih00unkngoog_0547.png"; bbox 0 0 2917 4767; ppageno 0'>
   <div class='ocr_carea' id='block_1_1' title="bbox 473 349 1224 424">
    <p class='ocr_par' dir='ltr' id='par_1_1' title="bbox 473 349 1224 424">
     <span class='ocr_line' id='line_1_1' title="bbox 473 349 1224 424; baseline 0.012 -10"><span class='ocrx_word' id='word_1_1' title='bbox 473 367 546 415; x_wconf 81' lang='lat' dir='ltr'>cre.</span> <span class='ocrx_word' id='word_1_2' title='bbox 570 364 689 416; x_wconf 85' lang='lat' dir='ltr'>xxrrr.</span> <span class='ocrx_word' id='word_1_3' title='bbox 711 369 793 418; x_wconf 80' lang='lat' dir='ltr'>car.</span> <span class='ocrx_word' id='word_1_4' title='bbox 814 353 868 418; x_wconf 81' lang='lat'>21.</span> <span class='ocrx_word' id='word_1_5' title='bbox 1136 349 1224 424; x_wconf 70' lang='lat' dir='ltr'>roeo</span> 
     </span>
    </p>
   </div>
   <div class='ocr_carea' id='block_1_2' title="bbox 80 508 1225 2733">
    <p class='ocr_par' dir='ltr' id='par_1_2' title="bbox 80 508 1224 1282">
     <span class='ocr_line' id='line_1_2' title="bbox 80 508 1223 595; baseline 0.01 -25"><span class='ocrx_word' id='word_1_6' title='bbox 80 508 281 591; x_wconf 77' lang='lat' dir='ltr'>fugiendi,</span> <span class='ocrx_word' id='word_1_7' title='bbox 296 519 365 594; x_wconf 85' lang='lat' dir='ltr'>quu¹</span> <span class='ocrx_word' id='word_1_8' title='bbox 376 512 519 595; x_wconf 89' lang='lat' dir='ltr'>quisque</span> <span class='ocrx_word' id='word_1_9' title='bbox 535 519 661 594; x_wconf 88' lang='lat' dir='ltr'>posset,</span> <span class='ocrx_word' id='word_1_10' title='bbox 677 531 718 576; x_wconf 88' lang='lat' dir='ltr'>ae</span> <span class='ocrx_word' id='word_1_11' title='bbox 734 511 924 576; x_wconf 71' lang='lat' dir='ltr'>deserendae</span> <span class='ocrx_word' id='word_1_12' title='bbox 950 515 1042 576; x_wconf 85' lang='lat' dir='ltr'>urbis</span> <span class='ocrx_word' id='word_1_13' title='bbox 1068 523 1223 582; x_wconf 78' lang='lat' dir='ltr'>auctores</span> 
     </span>
     <span class='ocr_line' id='line_1_3' title="bbox 83 613 1221 695; baseline 0.006 -20"><span class='ocrx_word' id='word_1_14' title='bbox 83 623 257 692; x_wconf 76' lang='lat' dir='ltr'>essent3</span> <span class='ocrx_word' id='word_1_15' title='bbox 279 631 370 695; x_wconf 87' lang='lat' dir='ltr'>pars,</span> <span class='ocrx_word' id='word_1_16' title='bbox 397 613 552 695; x_wconf 78' lang='lat' dir='ltr'>quando‘</span> <span class='ocrx_word' id='word_1_17' title='bbox 581 613 704 676; x_wconf 85' lang='lat' dir='ltr'>deserti</span> <span class='ocrx_word' id='word_1_18' title='bbox 728 633 750 677; x_wconf 91' lang='lat' dir='ltr'>a</span> <span class='ocrx_word' id='word_1_19' title='bbox 775 615 942 678; x_wconf 86' lang='lat' dir='ltr'>veteribus</span> <span class='ocrx_word' id='word_1_20' title='bbox 968 615 1071 678; x_wconf 82' lang='lat' dir='ltr'>sociis</span> <span class='ocrx_word' id='word_1_21' title='bbox 1096 622 1221 694; x_wconf 81' lang='lat' dir='ltr'>essent,</span> 
     </span>
     <span class='ocr_line' id='line_1_4' title="bbox 87 710 1223 799; baseline 0.01 -27"><span class='ocrx_word' id='word_1_22' title='bbox 87 710 324 796; x_wconf 79' lang='lat' dir='ltr'>adjungendi</span> <span class='ocrx_word' id='word_1_23' title='bbox 340 733 377 778; x_wconf 89' lang='lat' dir='ltr'>se</span> <span class='ocrx_word' id='word_1_24' title='bbox 391 716 512 778; x_wconf 89' lang='lat' dir='ltr'>ceteris</span> <span class='ocrx_word' id='word_1_25' title='bbox 527 715 679 792; x_wconf 86' lang='lat' dir='ltr'>Bruttiis,</span> <span class='ocrx_word' id='word_1_26' title='bbox 695 730 737 780; x_wconf 84' lang='lat' dir='ltr'>ac</span> <span class='ocrx_word' id='word_1_27' title='bbox 756 735 815 799; x_wconf 91' lang='lat' dir='ltr'>per</span> <span class='ocrx_word' id='word_1_28' title='bbox 838 736 897 780; x_wconf 89' lang='lat' dir='ltr'>eos</span> <span class='ocrx_word' id='word_1_29' title='bbox 920 715 1066 780; x_wconf 87' lang='lat' dir='ltr'>dedendi</span> <span class='ocrx_word' id='word_1_30' title='bbox 1091 717 1223 783; x_wconf 87' lang='lat' dir='ltr'>Hanni·</span> 
     </span>
     <span class='ocr_line' id='line_1_5' title="bbox 87 811 1221 901; baseline 0.009 -27"><span class='ocrx_word' id='word_1_31' title='bbox 87 811 205 876; x_wconf 84' lang='lat' dir='ltr'>hali.</span> <span class='ocrx_word' id='word_1_32' title='bbox 253 813 347 877; x_wconf 86' lang='lat' dir='ltr'><strong>Vicit</strong></span> <span class='ocrx_word' id='word_1_33' title='bbox 372 819 481 879; x_wconf 86' lang='lat' dir='ltr'>tumen</span> <span class='ocrx_word' id='word_1_34' title='bbox 507 835 548 879; x_wconf 90' lang='lat' dir='ltr'>ea</span> <span class='ocrx_word' id='word_1_35' title='bbox 574 835 664 898; x_wconf 87' lang='lat' dir='ltr'>pars,</span> <span class='ocrx_word' id='word_1_36' title='bbox 684 835 761 899; x_wconf 83' lang='lat' dir='ltr'>quae</span> <span class='ocrx_word' id='word_1_37' title='bbox 780 817 863 881; x_wconf 88' lang='lat' dir='ltr'>nibil</span> <span class='ocrx_word' id='word_1_38' title='bbox 882 819 1003 901; x_wconf 91' lang='lat' dir='ltr'>raptim</span> <span class='ocrx_word' id='word_1_39' title='bbox 1019 837 1083 881; x_wconf 91' lang='lat' dir='ltr'>nec</span> <span class='ocrx_word' id='word_1_40' title='bbox 1099 825 1221 884; x_wconf 89' lang='lat' dir='ltr'>temere</span> 
     </span>
     <span class='ocr_line' id='line_1_6' title="bbox 92 914 1224 998; baseline 0.007 -22"><span class='ocrx_word' id='word_1_41' title='bbox 92 915 293 994; x_wconf 80' lang='lat' dir='ltr'>agendum</span> <span class='ocrx_word' id='word_1_42' title='bbox 317 916 625 998; x_wconf 85' lang='lat' dir='ltr'>consulendumque</span> <span class='ocrx_word' id='word_1_43' title='bbox 641 914 681 978; x_wconf 90' lang='lat' dir='ltr'>de</span> <span class='ocrx_word' id='word_1_44' title='bbox 697 917 825 997; x_wconf 83' lang='lat' dir='ltr'>integro</span> <span class='ocrx_word' id='word_1_45' title='bbox 849 920 990 981; x_wconf 87' lang='lat' dir='ltr'>censuit.</span> <span class='ocrx_word' id='word_1_46' title='bbox 1035 916 1089 980; x_wconf 88' lang='lat' dir='ltr'>Re</span> <span class='ocrx_word' id='word_1_47' title='bbox 1104 919 1224 984; x_wconf 84' lang='lat' dir='ltr'>luxata</span> 
     </span>
     <span class='ocr_line' id='line_1_7' title="bbox 94 1015 1223 1102; baseline 0.011 -29"><span class='ocrx_word' id='word_1_48' title='bbox 94 1021 260 1095; x_wconf 77' lang='lat' dir='ltr'>postero</span> <span class='ocrx_word' id='word_1_49' title='bbox 276 1015 330 1079; x_wconf 89' lang='lat' dir='ltr'>die</span> <span class='ocrx_word' id='word_1_50' title='bbox 344 1035 404 1100; x_wconf 90' lang='lat' dir='ltr'>per</span> <span class='ocrx_word' id='word_1_51' title='bbox 418 1017 579 1080; x_wconf 86' lang='lat' dir='ltr'>minorem</span> <span class='ocrx_word' id='word_1_52' title='bbox 595 1015 853 1099; x_wconf 78' lang='lat' dir='ltr'>trepidationem</span> <span class='ocrx_word' id='word_1_53' title='bbox 869 1015 1064 1082; x_wconf 82' lang='lat' dir='ltr'>tenuerunt‘</span> <span class='ocrx_word' id='word_1_54' title='bbox 1078 1021 1223 1102; x_wconf 88' lang='lat' dir='ltr'>optima-</span> 
     </span>
     <span class='ocr_line' id='line_1_8' title="bbox 97 1117 1224 1200; baseline 0.005 -23"><span class='ocrx_word' id='word_1_55' title='bbox 97 1123 204 1191; x_wconf 72' lang='lat' dir='ltr'>tes:</span> <span class='ocrx_word' id='word_1_56' title='bbox 219 1123 269 1193; x_wconf 91' lang='lat' dir='ltr'>ut,</span> <span class='ocrx_word' id='word_1_57' title='bbox 284 1117 453 1182; x_wconf 87' lang='lat' dir='ltr'>convectis</span> <span class='ocrx_word' id='word_1_58' title='bbox 468 1117 624 1182; x_wconf 86' lang='lat' dir='ltr'>omnibus</span> <span class='ocrx_word' id='word_1_59' title='bbox 639 1137 684 1182; x_wconf 83' lang='lat' dir='ltr'>ex</span> <span class='ocrx_word' id='word_1_60' title='bbox 697 1118 796 1200; x_wconf 78' lang='lat' dir='ltr'>agris,</span> <span class='ocrx_word' id='word_1_61' title='bbox 807 1120 921 1183; x_wconf 88' lang='lat' dir='ltr'>urbem</span> <span class='ocrx_word' id='word_1_62' title='bbox 933 1139 973 1182; x_wconf 92' lang='lat' dir='ltr'>ac</span> <span class='ocrx_word' id='word_1_63' title='bbox 987 1135 1097 1182; x_wconf 85' lang='lat' dir='ltr'>muros</span> <span class='ocrx_word' id='word_1_64' title='bbox 1112 1119 1224 1184; x_wconf 85' lang='lat' dir='ltr'>firmu-</span> 
     </span>
     <span class='ocr_line' id='line_1_9' title="bbox 97 1227 209 1282; baseline 0 -3"><span class='ocrx_word' id='word_1_65' title='bbox 97 1227 209 1282; x_wconf 81' lang='lat' dir='ltr'>rent.</span> 
     </span>
    </p>

    <p class='ocr_par' dir='ltr' id='par_1_3' title="bbox 105 1321 1225 2733">
     <span class='ocr_line' id='line_1_10' title="bbox 166 1321 1223 1409; baseline 0.005 -23"><span class='ocrx_word' id='word_1_66' title='bbox 166 1325 224 1386; x_wconf 78' lang='lat'>21.</span> <span class='ocrx_word' id='word_1_67' title='bbox 250 1325 316 1388; x_wconf 89' lang='lat' dir='ltr'>Per</span> <span class='ocrx_word' id='word_1_68' title='bbox 332 1323 418 1387; x_wconf 88' lang='lat' dir='ltr'>idem</span> <span class='ocrx_word' id='word_1_69' title='bbox 441 1322 509 1388; x_wconf 84' lang='lat' dir='ltr'>sere</span> <span class='ocrx_word' id='word_1_70' title='bbox 525 1330 660 1407; x_wconf 88' lang='lat' dir='ltr'>tempus</span> <span class='ocrx_word' id='word_1_71' title='bbox 680 1324 787 1387; x_wconf 86' lang='lat' dir='ltr'>literae</span> <span class='ocrx_word' id='word_1_72' title='bbox 802 1341 849 1386; x_wconf 84' lang='lat' dir='ltr'>ex</span> <span class='ocrx_word' id='word_1_73' title='bbox 867 1321 988 1387; x_wconf 84' lang='lat' dir='ltr'>Sicilia</span> <span class='ocrx_word' id='word_1_74' title='bbox 1002 1323 1223 1409; x_wconf 79' lang='lat' dir='ltr'>Sardiniaque</span> 
     </span>
     <span class='ocr_line' id='line_1_11' title="bbox 105 1423 1223 1509; baseline 0.004 -23"><span class='ocrx_word' id='word_1_75' title='bbox 105 1423 274 1490; x_wconf 80' lang='lat' dir='ltr'>Romam</span> <span class='ocrx_word' id='word_1_76' title='bbox 297 1426 422 1491; x_wconf 73' lang='lat' dir='ltr'>allatae.</span> <span class='ocrx_word' id='word_1_77' title='bbox 467 1425 601 1490; x_wconf 83' lang='lat' dir='ltr'>Priores</span> <span class='ocrx_word' id='word_1_78' title='bbox 626 1445 670 1489; x_wconf 84' lang='lat' dir='ltr'>err</span> <span class='ocrx_word' id='word_1_79' title='bbox 693 1426 810 1490; x_wconf 88' lang='lat' dir='ltr'>Sicilia</span> <span class='ocrx_word' id='word_1_80' title='bbox 822 1425 865 1488; x_wconf 83' lang='lat' dir='ltr'>T.</span> <span class='ocrx_word' id='word_1_81' title='bbox 880 1424 1021 1488; x_wconf 84' lang='lat' dir='ltr'>Otacilii</span> <span class='ocrx_word' id='word_1_82' title='bbox 1035 1437 1223 1509; x_wconf 84' lang='lat' dir='ltr'>propraeto-</span> 
     </span>
     <span class='ocr_line' id='line_1_12' title="bbox 108 1524 1223 1612; baseline 0.004 -24"><span class='ocrx_word' id='word_1_83' title='bbox 108 1524 197 1590; x_wconf 86' lang='lat' dir='ltr'>ris⁷</span> <span class='ocrx_word' id='word_1_84' title='bbox 223 1527 256 1589; x_wconf 88' lang='lat' dir='ltr'>in</span> <span class='ocrx_word' id='word_1_85' title='bbox 280 1535 397 1591; x_wconf 90' lang='lat' dir='ltr'>senatu</span> <span class='ocrx_word' id='word_1_86' title='bbox 412 1528 560 1591; x_wconf 86' lang='lat' dir='ltr'>recitatae</span> <span class='ocrx_word' id='word_1_87' title='bbox 577 1534 673 1591; x_wconf 88' lang='lat' dir='ltr'>suut:</span> <span class='ocrx_word' id='word_1_88' title='bbox 696 1532 706 1562; x_wconf 90' lang='lat'>‘</span> <span class='ocrx_word' id='word_1_89' title='bbox 723 1527 765 1591; x_wconf 90' lang='lat' dir='ltr'>P.</span> <span class='ocrx_word' id='word_1_90' title='bbox 779 1526 939 1592; x_wconf 82' lang='lat' dir='ltr'>Furium⁸</span> <span class='ocrx_word' id='word_1_91' title='bbox 956 1537 1132 1612; x_wconf 76' lang='lat' dir='ltr'>praetorem</span> <span class='ocrx_word' id='word_1_92' title='bbox 1146 1548 1223 1593; x_wconf 92' lang='lat' dir='ltr'>cum</span> 
     </span>
     <span class='ocr_line' id='line_1_13' title="bbox 111 1627 1223 1713; baseline 0.002 -21"><span class='ocrx_word' id='word_1_93' title='bbox 111 1629 238 1692; x_wconf 80' lang='lat' dir='ltr'>classe</span> <span class='ocrx_word' id='word_1_94' title='bbox 261 1649 303 1694; x_wconf 85' lang='lat' dir='ltr'>ex</span> <span class='ocrx_word' id='word_1_95' title='bbox 329 1627 442 1693; x_wconf 79' lang='lat' dir='ltr'>Africa</span> <span class='ocrx_word' id='word_1_96' title='bbox 466 1629 649 1712; x_wconf 86' lang='lat' dir='ltr'>Lilybaeum</span> <span class='ocrx_word' id='word_1_97' title='bbox 673 1629 827 1693; x_wconf 80' lang='lat' dir='ltr'>venisse:</span> <span class='ocrx_word' id='word_1_98' title='bbox 848 1631 960 1713; x_wconf 85' lang='lat' dir='ltr'>ipsum</span> <span class='ocrx_word' id='word_1_99' title='bbox 981 1629 1125 1709; x_wconf 77' lang='lat' dir='ltr'>graviter</span> <span class='ocrx_word' id='word_1_100' title='bbox 1146 1649 1223 1694; x_wconf 85' lang='lat' dir='ltr'>seu·</span> 
     </span>
     <span class='ocr_line' id='line_1_14' title="bbox 113 1730 1223 1795; baseline 0.001 -1"><span class='ocrx_word' id='word_1_101' title='bbox 113 1732 242 1794; x_wconf 84' lang='lat' dir='ltr'>cium⁹</span> <span class='ocrx_word' id='word_1_102' title='bbox 263 1731 297 1793; x_wconf 90' lang='lat' dir='ltr'>in</span> <span class='ocrx_word' id='word_1_103' title='bbox 314 1730 504 1794; x_wconf 89' lang='lat' dir='ltr'>discrimine</span> <span class='ocrx_word' id='word_1_104' title='bbox 519 1731 637 1793; x_wconf 90' lang='lat' dir='ltr'>ultimo</span> <span class='ocrx_word' id='word_1_105' title='bbox 655 1731 735 1794; x_wconf 81' lang='lat' dir='ltr'>vitae</span> <span class='ocrx_word' id='word_1_106' title='bbox 749 1749 834 1793; x_wconf 87' lang='lat' dir='ltr'>esse.</span> <span class='ocrx_word' id='word_1_107' title='bbox 879 1730 979 1794; x_wconf 85' lang='lat' dir='ltr'>Militi</span> <span class='ocrx_word' id='word_1_108' title='bbox 993 1738 1029 1794; x_wconf 89' lang='lat' dir='ltr'>ct</span> <span class='ocrx_word' id='word_1_109' title='bbox 1043 1730 1223 1795; x_wconf 82' lang='lat' dir='ltr'>naualibus</span> 
     </span>
     <span class='ocr_line' id='line_1_15' title="bbox 115 1829 1224 1916; baseline 0.002 -22"><span class='ocrx_word' id='word_1_110' title='bbox 115 1833 231 1896; x_wconf 84' lang='lat' dir='ltr'>suciis</span> <span class='ocrx_word' id='word_1_111' title='bbox 246 1851 353 1916; x_wconf 91' lang='lat' dir='ltr'>neque</span> <span class='ocrx_word' id='word_1_112' title='bbox 368 1831 584 1914; x_wconf 85' lang='lat' dir='ltr'>stipendium,</span> <span class='ocrx_word' id='word_1_113' title='bbox 599 1850 709 1913; x_wconf 90' lang='lat' dir='ltr'>neque</span> <span class='ocrx_word' id='word_1_114' title='bbox 732 1832 927 1895; x_wconf 87' lang='lat' dir='ltr'>frumentum</span> <span class='ocrx_word' id='word_1_115' title='bbox 952 1829 994 1894; x_wconf 90' lang='lat' dir='ltr'>ud</span> <span class='ocrx_word' id='word_1_116' title='bbox 1020 1830 1109 1894; x_wconf 90' lang='lat' dir='ltr'>diem</span> <span class='ocrx_word' id='word_1_117' title='bbox 1131 1831 1224 1914; x_wconf 81' lang='lat' dir='ltr'>dari3</span> 
     </span>
     <span class='ocr_line' id='line_1_16' title="bbox 118 1929 1224 2016; baseline 0.004 -22"><span class='ocrx_word' id='word_1_118' title='bbox 118 1953 247 2015; x_wconf 87' lang='lat' dir='ltr'>neque,</span> <span class='ocrx_word' id='word_1_119' title='bbox 273 1934 358 1996; x_wconf 91' lang='lat' dir='ltr'>uude</span> <span class='ocrx_word' id='word_1_120' title='bbox 382 1933 489 2008; x_wconf 88' lang='lat' dir='ltr'>detur,</span> <span class='ocrx_word' id='word_1_121' title='bbox 515 1951 603 1995; x_wconf 89' lang='lat' dir='ltr'>esse.</span> <span class='ocrx_word' id='word_1_122' title='bbox 649 1929 858 2014; x_wconf 83' lang='lat' dir='ltr'>Magnopere</span> <span class='ocrx_word' id='word_1_123' title='bbox 885 1930 1037 2008; x_wconf 86' lang='lat' dir='ltr'>suadere,</span> <span class='ocrx_word' id='word_1_124' title='bbox 1060 1941 1097 1995; x_wconf 89' lang='lat' dir='ltr'>ut</span> <span class='ocrx_word' id='word_1_125' title='bbox 1122 1953 1224 2016; x_wconf 83' lang='lat' dir='ltr'>quam</span> 
     </span>
     <span class='ocr_line' id='line_1_17' title="bbox 119 2032 1224 2118; baseline 0.003 -22"><span class='ocrx_word' id='word_1_126' title='bbox 119 2034 272 2118; x_wconf 87' lang='lat' dir='ltr'>primum</span> <span class='ocrx_word' id='word_1_127' title='bbox 296 2054 336 2098; x_wconf 88' lang='lat' dir='ltr'>ea</span> <span class='ocrx_word' id='word_1_128' title='bbox 356 2037 546 2112; x_wconf 84' lang='lat' dir='ltr'>mittantur3</span> <span class='ocrx_word' id='word_1_129' title='bbox 569 2032 713 2116; x_wconf 86' lang='lat' dir='ltr'>sibique,</span> <span class='ocrx_word' id='word_1_130' title='bbox 738 2033 769 2096; x_wconf 87' lang='lat' dir='ltr'>si</span> <span class='ocrx_word' id='word_1_131' title='bbox 790 2033 840 2096; x_wconf 87' lang='lat' dir='ltr'>ita</span> <span class='ocrx_word' id='word_1_132' title='bbox 866 2033 1031 2111; x_wconf 86' lang='lat' dir='ltr'>videatur,</span> <span class='ocrx_word' id='word_1_133' title='bbox 1056 2053 1102 2098; x_wconf 85' lang='lat' dir='ltr'>ex</span> <span class='ocrx_word' id='word_1_134' title='bbox 1124 2037 1224 2100; x_wconf 83' lang='lat' dir='ltr'>novis</span> 
     </span>
     <span class='ocr_line' id='line_1_18' title="bbox 123 2132 1225 2218; baseline 0.002 -20"><span class='ocrx_word' id='word_1_135' title='bbox 123 2135 331 2218; x_wconf 85' lang='lat' dir='ltr'>praetoribus</span> <span class='ocrx_word' id='word_1_136' title='bbox 346 2153 572 2199; x_wconf 80' lang='lat' dir='ltr'>successorem</span> <span class='ocrx_word' id='word_1_137' title='bbox 588 2132 742 2200; x_wconf 67' lang='lat' dir='ltr'>mittant!</span> <span class='ocrx_word' id='word_1_138' title='bbox 782 2133 976 2217; x_wconf 80' lang='lat' dir='ltr'>Eodemque</span> <span class='ocrx_word' id='word_1_139' title='bbox 991 2136 1094 2200; x_wconf 82' lang='lat' dir='ltr'>ferme</span> <span class='ocrx_word' id='word_1_140' title='bbox 1108 2137 1150 2202; x_wconf 90' lang='lat' dir='ltr'>de</span> <span class='ocrx_word' id='word_1_141' title='bbox 1166 2140 1225 2200; x_wconf 87' lang='lat' dir='ltr'>sti·</span> 
     </span>
     <span class='ocr_line' id='line_1_19' title="bbox 123 2233 1224 2321; baseline 0.004 -21"><span class='ocrx_word' id='word_1_142' title='bbox 123 2235 250 2320; x_wconf 83' lang='lat' dir='ltr'>pendia</span> <span class='ocrx_word' id='word_1_143' title='bbox 265 2237 494 2320; x_wconf 80' lang='lat' dir='ltr'>frumentoque</span> <span class='ocrx_word' id='word_1_144' title='bbox 518 2237 562 2299; x_wconf 90' lang='lat' dir='ltr'>ab</span> <span class='ocrx_word' id='word_1_145' title='bbox 584 2233 627 2298; x_wconf 89' lang='lat' dir='ltr'>A.</span> <span class='ocrx_word' id='word_1_146' title='bbox 644 2233 801 2299; x_wconf 88' lang='lat' dir='ltr'>Cornelio</span> <span class='ocrx_word' id='word_1_147' title='bbox 817 2235 1003 2301; x_wconf 81' lang='lat' dir='ltr'>Mammula</span> <span class='ocrx_word' id='word_1_148' title='bbox 1017 2249 1224 2321; x_wconf 78' lang='lat' dir='ltr'>propraetore</span> 
     </span>
     <span class='ocr_line' id='line_1_20' title="bbox 126 2334 1225 2420; baseline 0.004 -20"><span class='ocrx_word' id='word_1_149' title='bbox 126 2357 172 2400; x_wconf 86' lang='lat' dir='ltr'>ex</span> <span class='ocrx_word' id='word_1_150' title='bbox 190 2338 344 2402; x_wconf 85' lang='lat' dir='ltr'>Sardinia</span> <span class='ocrx_word' id='word_1_151' title='bbox 360 2339 496 2420; x_wconf 88' lang='lat' dir='ltr'>scripta.</span> <span class='ocrx_word' id='word_1_152' title='bbox 541 2334 757 2419; x_wconf 79' lang='lat' dir='ltr'>Responsum</span> <span class='ocrx_word' id='word_1_153' title='bbox 771 2337 937 2419; x_wconf 88' lang='lat' dir='ltr'>utrisque,</span> <span class='ocrx_word' id='word_1_154' title='bbox 953 2358 1018 2402; x_wconf 89' lang='lat' dir='ltr'>non</span> <span class='ocrx_word' id='word_1_155' title='bbox 1035 2359 1123 2419; x_wconf 88' lang='lat' dir='ltr'>esse,</span> <span class='ocrx_word' id='word_1_156' title='bbox 1137 2341 1225 2405; x_wconf 89' lang='lat' dir='ltr'>unde</span> 
     </span>
     <span class='ocr_line' id='line_1_21' title="bbox 125 2439 1225 2523; baseline 0.005 -21"><span class='ocrx_word' id='word_1_157' title='bbox 125 2441 321 2504; x_wconf 87' lang='lat' dir='ltr'>mitteretur.</span> <span class='ocrx_word' id='word_1_158' title='bbox 364 2439 387 2503; x_wconf 87' lang='lat' dir='ltr'>J</span> <span class='ocrx_word' id='word_1_159' title='bbox 390 2440 529 2523; x_wconf 88' lang='lat' dir='ltr'>ussique</span> <span class='ocrx_word' id='word_1_160' title='bbox 551 2439 618 2521; x_wconf 89' lang='lat' dir='ltr'>ipsi</span> <span class='ocrx_word' id='word_1_161' title='bbox 641 2440 805 2503; x_wconf 86' lang='lat' dir='ltr'>classibus</span> <span class='ocrx_word' id='word_1_162' title='bbox 820 2446 920 2522; x_wconf 90' lang='lat' dir='ltr'>atque</span> <span class='ocrx_word' id='word_1_163' title='bbox 933 2442 1138 2506; x_wconf 84' lang='lat' dir='ltr'>exercitibus</span> <span class='ocrx_word' id='word_1_164' title='bbox 1153 2444 1225 2506; x_wconf 88' lang='lat' dir='ltr'>suis</span> 
     </span>
     <span class='ocr_line' id='line_1_22' title="bbox 127 2540 1225 2624; baseline 0.002 -20"><span class='ocrx_word' id='word_1_165' title='bbox 127 2541 346 2605; x_wconf 85' lang='lat' dir='ltr'>consulerent·</span> <span class='ocrx_word' id='word_1_166' title='bbox 365 2569 368 2576; x_wconf 57' lang='lat'><strong><em>¹</em></strong></span> <span class='ocrx_word' id='word_1_167' title='bbox 390 2541 567 2618; x_wconf 87' lang='lat' dir='ltr'>Otacilius,</span> <span class='ocrx_word' id='word_1_168' title='bbox 581 2540 623 2604; x_wconf 86' lang='lat' dir='ltr'>ed</span> <span class='ocrx_word' id='word_1_169' title='bbox 639 2544 773 2605; x_wconf 88' lang='lat' dir='ltr'>unicum</span> <span class='ocrx_word' id='word_1_170' title='bbox 784 2550 810 2579; x_wconf 85' lang='lat'>¹⁰</span> <span class='ocrx_word' id='word_1_171' title='bbox 823 2542 1008 2605; x_wconf 86' lang='lat' dir='ltr'>subsidium</span> <span class='ocrx_word' id='word_1_172' title='bbox 1025 2544 1142 2624; x_wconf 88' lang='lat' dir='ltr'>populi</span> <span class='ocrx_word' id='word_1_173' title='bbox 1155 2543 1225 2606; x_wconf 89' lang='lat' dir='ltr'>Ro·</span> 
     </span>
     <span class='ocr_line' id='line_1_23' title="bbox 127 2640 1223 2733; baseline 0.005 -30"><span class='ocrx_word' id='word_1_174' title='bbox 127 2644 220 2705; x_wconf 87' lang='lat' dir='ltr'>marri</span> <span class='ocrx_word' id='word_1_175' title='bbox 237 2643 412 2733; x_wconf 82' lang='lat' dir='ltr'>Hieronem</span> <span class='ocrx_word' id='word_1_176' title='bbox 428 2643 558 2724; x_wconf 86' lang='lat' dir='ltr'>legatos</span> <span class='ocrx_word' id='word_1_177' title='bbox 574 2660 651 2705; x_wconf 92' lang='lat' dir='ltr'>cum</span> <span class='ocrx_word' id='word_1_178' title='bbox 666 2640 826 2718; x_wconf 88' lang='lat' dir='ltr'>misisset,</span> <span class='ocrx_word' id='word_1_179' title='bbox 837 2642 870 2704; x_wconf 89' lang='lat' dir='ltr'>iu</span> <span class='ocrx_word' id='word_1_180' title='bbox 884 2641 1096 2724; x_wconf 88' lang='lat' dir='ltr'>stipendium,</span> <span class='ocrx_word' id='word_1_181' title='bbox 1105 2644 1223 2725; x_wconf 89' lang='lat' dir='ltr'>quanti</span> 
     </span>
    </p>
   </div>
   <div class='ocr_carea' id='block_1_3' title="bbox 127 2806 1225 2938">
    <p class='ocr_par' dir='ltr' id='par_1_4' title="bbox 127 2806 1225 2938">
     <span class='ocr_line' id='line_1_24' title="bbox 161 2806 1225 2875; baseline 0 -17"><span class='ocrx_word' id='word_1_182' title='bbox 161 2817 172 2842; x_wconf 84' lang='lat'><em>‘</em></span> <span class='ocrx_word' id='word_1_183' title='bbox 188 2810 288 2858; x_wconf 81' lang='lat' dir='ltr'>Prolem</span> <span class='ocrx_word' id='word_1_184' title='bbox 298 2815 321 2858; x_wconf 87' lang='lat' dir='ltr'>et</span> <span class='ocrx_word' id='word_1_185' title='bbox 332 2809 357 2856; x_wconf 80' lang='lat' dir='ltr'>ta</span> <span class='ocrx_word' id='word_1_186' title='bbox 369 2810 499 2859; x_wconf 78' lang='lat' dir='ltr'>erastinum</span> <span class='ocrx_word' id='word_1_187' title='bbox 509 2813 597 2875; x_wconf 76' lang='lat' dir='ltr'>rejecto</span> <span class='ocrx_word' id='word_1_188' title='bbox 606 2808 781 2864; x_wconf 80' lang='lat' dir='ltr'>deliberatione,</span> <span class='ocrx_word' id='word_1_189' title='bbox 797 2813 915 2857; x_wconf 77' lang='lat' dir='ltr'>senatorer</span> <span class='ocrx_word' id='word_1_190' title='bbox 922 2807 1033 2872; x_wconf 77' lang='lat' dir='ltr'>pnruurii</span> <span class='ocrx_word' id='word_1_191' title='bbox 1043 2806 1156 2871; x_wconf 77' lang='lat' dir='ltr'>postridie</span> <span class='ocrx_word' id='word_1_192' title='bbox 1166 2809 1225 2858; x_wconf 88' lang='lat' dir='ltr'>reti·</span> 
     </span>
     <span class='ocr_line' id='line_1_25' title="bbox 127 2873 499 2938; baseline 0.003 -17"><span class='ocrx_word' id='word_1_193' title='bbox 127 2875 204 2922; x_wconf 77' lang='lat' dir='ltr'>reuda</span> <span class='ocrx_word' id='word_1_194' title='bbox 211 2873 301 2936; x_wconf 79' lang='lat' dir='ltr'>plebem</span> <span class='ocrx_word' id='word_1_195' title='bbox 310 2874 447 2938; x_wconf 69' lang='lat' dir='ltr'>efficerent,</span> <span class='ocrx_word' id='word_1_196' title='bbox 458 2877 499 2937; x_wconf 64' lang='lat' dir='ltr'>tu.</span> 
     </span>
    </p>
   </div>
   <div class='ocr_carea' id='block_1_4' title="bbox 588 3033 767 3055">
    <p class='ocr_par' dir='ltr' id='par_1_5' title="bbox 588 3033 767 3055">
     <span class='ocr_line' id='line_1_26' title="bbox 588 3033 767 3055; baseline -0.006 -2"><span class='ocrx_word' id='word_1_197' title='bbox 588 3033 767 3055; x_wconf 72' lang='lat' dir='ltr'>uocuunn</span> 
     </span>
    </p>
   </div>
   <div class='ocr_carea' id='block_1_5' title="bbox 126 3075 1228 4289">
    <p class='ocr_par' dir='ltr' id='par_1_6' title="bbox 953 3075 962 3098">
     <span class='ocr_line' id='line_1_27' title="bbox 953 3075 962 3098; baseline 0 0"><span class='ocrx_word' id='word_1_198' title='bbox 953 3075 962 3098; x_wconf 75' lang='grc' dir='ltr'>Ι</span> 
     </span>
    </p>

    <p class='ocr_par' dir='ltr' id='par_1_7' title="bbox 126 3131 1227 3519">
     <span class='ocr_line' id='line_1_28' title="bbox 129 3131 1226 3198; baseline 0.004 -18"><span class='ocrx_word' id='word_1_199' title='bbox 129 3131 257 3193; x_wconf 75' lang='lat' dir='ltr'>ertqrrrrr</span> <span class='ocrx_word' id='word_1_200' title='bbox 268 3131 342 3181; x_wconf 78' lang='lat' dir='ltr'>abest</span> <span class='ocrx_word' id='word_1_201' title='bbox 356 3133 389 3182; x_wconf 84' lang='lat' dir='ltr'>ub</span> <span class='ocrx_word' id='word_1_202' title='bbox 400 3133 467 3184; x_wconf 86' lang='lat' dir='ltr'>Edd.</span> <span class='ocrx_word' id='word_1_203' title='bbox 479 3141 540 3184; x_wconf 84' lang='lat' dir='ltr'>ante</span> <span class='ocrx_word' id='word_1_204' title='bbox 552 3135 667 3184; x_wconf 81' lang='lat' dir='ltr'>Gronov.</span> <span class='ocrx_word' id='word_1_205' title='bbox 680 3144 708 3186; x_wconf 84' lang='lat' dir='ltr'>et</span> <span class='ocrx_word' id='word_1_206' title='bbox 724 3152 739 3185; x_wconf 83' lang='lat' dir='ltr'>a</span> <span class='ocrx_word' id='word_1_207' title='bbox 758 3134 922 3184; x_wconf 73' lang='lat' dir='ltr'>Crevier-t</span> <span class='ocrx_word' id='word_1_208' title='bbox 940 3133 1064 3182; x_wconf 82' lang='lat' dir='ltr'>Cantabr.</span> <span class='ocrx_word' id='word_1_209' title='bbox 1081 3135 1226 3198; x_wconf 68' lang='lat' dir='ltr'>quantoque</span> 
     </span>
     <span class='ocr_line' id='line_1_29' title="bbox 126 3197 1227 3261; baseline 0.004 -17"><span class='ocrx_word' id='word_1_210' title='bbox 126 3201 177 3244; x_wconf 74' lang='lat' dir='ltr'>-e</span> <span class='ocrx_word' id='word_1_211' title='bbox 194 3198 294 3245; x_wconf 66' lang='lat' dir='ltr'>‘Doce</span> <span class='ocrx_word' id='word_1_212' title='bbox 307 3199 376 3261; x_wconf 85' lang='lat' dir='ltr'>eouj.</span> <span class='ocrx_word' id='word_1_213' title='bbox 389 3199 514 3248; x_wconf 81' lang='lat' dir='ltr'>Reluxutr&#39;r</span> <span class='ocrx_word' id='word_1_214' title='bbox 529 3201 616 3249; x_wconf 71' lang='lat' dir='ltr'>animia</span> <span class='ocrx_word' id='word_1_215' title='bbox 633 3215 670 3249; x_wconf 85' lang='lat' dir='ltr'>sc.</span> <span class='ocrx_word' id='word_1_216' title='bbox 686 3208 758 3248; x_wconf 84' lang='lat' dir='ltr'>metu</span> <span class='ocrx_word' id='word_1_217' title='bbox 774 3206 801 3248; x_wconf 92' lang='lat' dir='ltr'>et</span> <span class='ocrx_word' id='word_1_218' title='bbox 821 3211 928 3261; x_wconf 80' lang='lat' dir='ltr'>pauore,</span> <span class='ocrx_word' id='word_1_219' title='bbox 946 3205 973 3246; x_wconf 87' lang='lat' dir='ltr'>et</span> <span class='ocrx_word' id='word_1_220' title='bbox 992 3197 1069 3247; x_wconf 68' lang='lat' dir='ltr'>crae.</span> <span class='ocrx_word' id='word_1_221' title='bbox 1087 3211 1138 3246; x_wconf 88' lang='lat' dir='ltr'>uon</span> <span class='ocrx_word' id='word_1_222' title='bbox 1158 3199 1227 3248; x_wconf 83' lang='lat' dir='ltr'>mule</span> 
     </span>
     <span class='ocr_line' id='line_1_30' title="bbox 127 3255 1227 3324; baseline 0.005 -17"><span class='ocrx_word' id='word_1_223' title='bbox 127 3255 205 3309; x_wconf 76' lang='lat' dir='ltr'>relatu</span> <span class='ocrx_word' id='word_1_224' title='bbox 222 3267 314 3322; x_wconf 67' lang='lat' dir='ltr'>pumero</span> <span class='ocrx_word' id='word_1_225' title='bbox 327 3263 367 3311; x_wconf 80' lang='lat' dir='ltr'>dte</span> <span class='ocrx_word' id='word_1_226' title='bbox 381 3277 425 3324; x_wconf 87' lang='lat' dir='ltr'>per</span> <span class='ocrx_word' id='word_1_227' title='bbox 434 3263 546 3313; x_wconf 78' lang='lat' dir='ltr'>minorem</span> <span class='ocrx_word' id='word_1_228' title='bbox 555 3269 587 3314; x_wconf 90' lang='lat' dir='ltr'>tr.</span> <span class='ocrx_word' id='word_1_229' title='bbox 597 3279 632 3319; x_wconf 81' lang='lat' dir='ltr'>re,</span> <span class='ocrx_word' id='word_1_230' title='bbox 644 3269 767 3314; x_wconf 76' lang='lat' dir='ltr'>tenuerunt</span> <span class='ocrx_word' id='word_1_231' title='bbox 779 3271 902 3313; x_wconf 75' lang='lat' dir='ltr'>ceturam</span> <span class='ocrx_word' id='word_1_232' title='bbox 913 3263 997 3310; x_wconf 70' lang='lat' dir='ltr'>return</span> <span class='ocrx_word' id='word_1_233' title='bbox 1005 3262 1031 3309; x_wconf 89' lang='lat' dir='ltr'>iu</span> <span class='ocrx_word' id='word_1_234' title='bbox 1044 3261 1113 3310; x_wconf 74' lang='lat' dir='ltr'>Illor.</span> <span class='ocrx_word' id='word_1_235' title='bbox 1125 3270 1152 3312; x_wconf 87' lang='lat' dir='ltr'>et</span> <span class='ocrx_word' id='word_1_236' title='bbox 1164 3263 1227 3312; x_wconf 82' lang='lat' dir='ltr'>Pur.</span> 
     </span>
     <span class='ocr_line' id='line_1_31' title="bbox 128 3326 1227 3378; baseline 0.004 -6"><span class='ocrx_word' id='word_1_237' title='bbox 128 3326 516 3378; x_wconf 63' lang='lat' dir='ltr'>messanensem.</span> <span class='ocrx_word' id='word_1_238' title='bbox 549 3328 580 3376; x_wconf 91' lang='lat' dir='ltr'>lu</span> <span class='ocrx_word' id='word_1_239' title='bbox 602 3328 665 3376; x_wconf 75' lang='lat' dir='ltr'>utu.</span> <span class='ocrx_word' id='word_1_240' title='bbox 684 3337 712 3376; x_wconf 87' lang='lat' dir='ltr'>et</span> <span class='ocrx_word' id='word_1_241' title='bbox 731 3328 800 3378; x_wconf 84' lang='lat' dir='ltr'>Edd.</span> <span class='ocrx_word' id='word_1_242' title='bbox 818 3334 884 3377; x_wconf 89' lang='lat' dir='ltr'>rett.</span> <span class='ocrx_word' id='word_1_243' title='bbox 900 3328 1048 3376; x_wconf 72' lang='lat' dir='ltr'>retinuerant</span> <span class='ocrx_word' id='word_1_244' title='bbox 1065 3326 1105 3374; x_wconf 88' lang='lat' dir='ltr'>rel</span> <span class='ocrx_word' id='word_1_245' title='bbox 1118 3340 1146 3375; x_wconf 79' lang='lat' dir='ltr'>re</span> <span class='ocrx_word' id='word_1_246' title='bbox 1160 3331 1227 3376; x_wconf 76' lang='lat' dir='ltr'>terua-</span> 
     </span>
     <span class='ocr_line' id='line_1_32' title="bbox 128 3389 1226 3454; baseline 0.005 -19"><span class='ocrx_word' id='word_1_247' title='bbox 128 3392 216 3436; x_wconf 83' lang='lat' dir='ltr'>errurt:</span> <span class='ocrx_word' id='word_1_248' title='bbox 233 3391 301 3438; x_wconf 90' lang='lat' dir='ltr'>uude</span> <span class='ocrx_word' id='word_1_249' title='bbox 321 3392 446 3454; x_wconf 73' lang='lat' dir='ltr'>auspicari</span> <span class='ocrx_word' id='word_1_250' title='bbox 467 3393 549 3454; x_wconf 85' lang='lat' dir='ltr'>possis</span> <span class='ocrx_word' id='word_1_251' title='bbox 562 3392 691 3452; x_wconf 60' lang='lat' dir='ltr'>Remum</span> <span class='ocrx_word' id='word_1_252' title='bbox 711 3399 757 3441; x_wconf 78' lang='lat' dir='ltr'>eut</span> <span class='ocrx_word' id='word_1_253' title='bbox 773 3406 832 3440; x_wconf 83' lang='lat' dir='ltr'>cum</span> <span class='ocrx_word' id='word_1_254' title='bbox 851 3391 930 3447; x_wconf 77' lang='lat' dir='ltr'>Creu.</span> <span class='ocrx_word' id='word_1_255' title='bbox 948 3391 1046 3445; x_wconf 75' lang='lat' dir='ltr'>Relatu,</span> <span class='ocrx_word' id='word_1_256' title='bbox 1062 3405 1100 3439; x_wconf 82' lang='lat' dir='ltr'>tc.</span> <span class='ocrx_word' id='word_1_257' title='bbox 1115 3389 1148 3438; x_wconf 82' lang='lat' dir='ltr'>ad</span> <span class='ocrx_word' id='word_1_258' title='bbox 1164 3404 1226 3440; x_wconf 81' lang='lat' dir='ltr'>ceu·</span> 
     </span>
     <span class='ocr_line' id='line_1_33' title="bbox 129 3451 991 3519; baseline 0.001 -19"><span class='ocrx_word' id='word_1_259' title='bbox 129 3451 217 3500; x_wconf 82' lang='lat' dir='ltr'>cilium</span> <span class='ocrx_word' id='word_1_260' title='bbox 236 3469 257 3500; x_wconf 88' lang='lat' dir='ltr'>a.</span> <span class='ocrx_word' id='word_1_261' title='bbox 272 3453 434 3518; x_wconf 83' lang='lat' dir='ltr'>concionem,</span> <span class='ocrx_word' id='word_1_262' title='bbox 445 3464 473 3504; x_wconf 87' lang='lat' dir='ltr'>ut</span> <span class='ocrx_word' id='word_1_263' title='bbox 486 3469 580 3505; x_wconf 84' lang='lat' dir='ltr'>xxxu.</span> <span class='ocrx_word' id='word_1_264' title='bbox 593 3454 642 3506; x_wconf 59' lang='grc' dir='ltr'>Ἠ]</span> <span class='ocrx_word' id='word_1_265' title='bbox 659 3457 762 3519; x_wconf 77' lang='lat' dir='ltr'>Repert.</span> <span class='ocrx_word' id='word_1_266' title='bbox 779 3455 840 3506; x_wconf 77' lang='lat' dir='ltr'>vid.</span> <span class='ocrx_word' id='word_1_267' title='bbox 852 3456 916 3505; x_wconf 84' lang='lat' dir='ltr'>Not.</span> <span class='ocrx_word' id='word_1_268' title='bbox 928 3456 991 3503; x_wconf 81' lang='lat' dir='ltr'>Ver.</span> 
     </span>
    </p>

    <p class='ocr_par' dir='ltr' id='par_1_8' title="bbox 126 3517 1228 4289">
     <span class='ocr_line' id='line_1_34' title="bbox 161 3517 1227 3584; baseline 0.006 -20"><span class='ocrx_word' id='word_1_269' title='bbox 161 3517 311 3566; x_wconf 78' lang='lat' dir='ltr'>l‘Prioree</span> <span class='ocrx_word' id='word_1_270' title='bbox 326 3534 358 3568; x_wconf 75' lang='lat' dir='ltr'>ex</span> <span class='ocrx_word' id='word_1_271' title='bbox 376 3520 463 3570; x_wconf 64' lang='lat' dir='ltr'>Stulta</span> <span class='ocrx_word' id='word_1_272' title='bbox 473 3521 577 3568; x_wconf 78' lang='lat' dir='ltr'>Otacilii</span> <span class='ocrx_word' id='word_1_273' title='bbox 586 3522 749 3584; x_wconf 71' lang='lat' dir='ltr'>propraetoris·</span> <span class='ocrx_word' id='word_1_274' title='bbox 767 3521 829 3569; x_wconf 78' lang='lat' dir='ltr'>l&#39;ut.</span> <span class='ocrx_word' id='word_1_275' title='bbox 844 3519 963 3569; x_wconf 78' lang='lat' dir='ltr'>Totueitt&#39;r‘.</span> <span class='ocrx_word' id='word_1_276' title='bbox 996 3519 1075 3580; x_wconf 69' lang='lat' dir='ltr'>Lege,</span> <span class='ocrx_word' id='word_1_277' title='bbox 1093 3518 1146 3570; x_wconf 71' lang='lat' dir='ltr'>litt</span> <span class='ocrx_word' id='word_1_278' title='bbox 1167 3519 1227 3570; x_wconf 79' lang='lat' dir='ltr'>ota·</span> 
     </span>
     <span class='ocr_line' id='line_1_35' title="bbox 126 3578 1227 3648; baseline 0.009 -22"><span class='ocrx_word' id='word_1_279' title='bbox 126 3578 197 3628; x_wconf 66' lang='lat' dir='ltr'>citri!</span> <span class='ocrx_word' id='word_1_280' title='bbox 212 3580 239 3631; x_wconf 84' lang='lat' dir='ltr'>J.</span> <span class='ocrx_word' id='word_1_281' title='bbox 250 3581 279 3630; x_wconf 86' lang='lat' dir='ltr'>F.</span> <span class='ocrx_word' id='word_1_282' title='bbox 292 3581 454 3632; x_wconf 76' lang='lat' dir='ltr'>Gronau—8</span> <span class='ocrx_word' id='word_1_283' title='bbox 472 3585 502 3632; x_wconf 79' lang='lat' dir='ltr'>L.</span> <span class='ocrx_word' id='word_1_284' title='bbox 513 3585 614 3634; x_wconf 70' lang='lat' dir='ltr'>Fuuuur</span> <span class='ocrx_word' id='word_1_285' title='bbox 625 3587 740 3633; x_wconf 86' lang='lat' dir='ltr'>Gronov.</span> <span class='ocrx_word' id='word_1_286' title='bbox 751 3585 860 3648; x_wconf 85' lang='lat' dir='ltr'>Doujat.</span> <span class='ocrx_word' id='word_1_287' title='bbox 870 3584 984 3633; x_wconf 82' lang='lat' dir='ltr'>Crevier.</span> <span class='ocrx_word' id='word_1_288' title='bbox 995 3584 1079 3631; x_wconf 84' lang='lat' dir='ltr'>Druk.</span> <span class='ocrx_word' id='word_1_289' title='bbox 1091 3591 1118 3632; x_wconf 86' lang='lat' dir='ltr'>et</span> <span class='ocrx_word' id='word_1_290' title='bbox 1127 3585 1227 3636; x_wconf 83' lang='lat' dir='ltr'>Strutb.</span> 
     </span>
     <span class='ocr_line' id='line_1_36' title="bbox 128 3644 1227 3711; baseline 0.003 -19"><span class='ocrx_word' id='word_1_291' title='bbox 128 3648 179 3692; x_wconf 77' lang='grc'>-9</span> <span class='ocrx_word' id='word_1_292' title='bbox 195 3644 252 3693; x_wconf 85' lang='lat' dir='ltr'>‘ltu</span> <span class='ocrx_word' id='word_1_293' title='bbox 265 3647 327 3695; x_wconf 86' lang='lat' dir='ltr'>Put.</span> <span class='ocrx_word' id='word_1_294' title='bbox 338 3654 365 3694; x_wconf 88' lang='lat' dir='ltr'>et</span> <span class='ocrx_word' id='word_1_295' title='bbox 380 3650 436 3697; x_wconf 85' lang='lat' dir='ltr'>l’et.</span> <span class='ocrx_word' id='word_1_296' title='bbox 449 3648 491 3696; x_wconf 87' lang='lat' dir='ltr'>itte</span> <span class='ocrx_word' id='word_1_297' title='bbox 504 3651 601 3697; x_wconf 86' lang='lat' dir='ltr'>melior.</span> <span class='ocrx_word' id='word_1_298' title='bbox 635 3650 779 3711; x_wconf 77' lang='lat' dir='ltr'>Lipsiauus,</span> <span class='ocrx_word' id='word_1_299' title='bbox 791 3648 923 3708; x_wconf 81' lang='lat' dir='ltr'>Meuardi,</span> <span class='ocrx_word' id='word_1_300' title='bbox 933 3648 985 3697; x_wconf 90' lang='lat' dir='ltr'>duo</span> <span class='ocrx_word' id='word_1_301' title='bbox 997 3649 1065 3697; x_wconf 86' lang='lat' dir='ltr'>Pell.</span> <span class='ocrx_word' id='word_1_302' title='bbox 1075 3649 1151 3697; x_wconf 81' lang='lat' dir='ltr'>Voss.</span> <span class='ocrx_word' id='word_1_303' title='bbox 1167 3663 1227 3709; x_wconf 79' lang='lat' dir='ltr'>gru·</span> 
     </span>
     <span class='ocr_line' id='line_1_37' title="bbox 128 3709 1228 3775; baseline 0.006 -22"><span class='ocrx_word' id='word_1_304' title='bbox 128 3709 191 3756; x_wconf 76' lang='lat' dir='ltr'>citer</span> <span class='ocrx_word' id='word_1_305' title='bbox 208 3709 281 3757; x_wconf 82' lang='lat' dir='ltr'>letum</span> <span class='ocrx_word' id='word_1_306' title='bbox 294 3711 412 3760; x_wconf 65' lang='lat' dir='ltr'>umam.-</span> <span class='ocrx_word' id='word_1_307' title='bbox 429 3712 506 3761; x_wconf 89' lang='lat' dir='ltr'>immo</span> <span class='ocrx_word' id='word_1_308' title='bbox 516 3721 544 3761; x_wconf 86' lang='lat' dir='ltr'>et</span> <span class='ocrx_word' id='word_1_309' title='bbox 557 3713 685 3774; x_wconf 81' lang='lat' dir='ltr'>Andreas,</span> <span class='ocrx_word' id='word_1_310' title='bbox 698 3714 806 3764; x_wconf 79' lang='lat' dir='ltr'>lleccsr.</span> <span class='ocrx_word' id='word_1_311' title='bbox 818 3713 879 3763; x_wconf 78' lang='lat' dir='ltr'>Aac.</span> <span class='ocrx_word' id='word_1_312' title='bbox 892 3713 1059 3775; x_wconf 75' lang='lat' dir='ltr'>mogontina,</span> <span class='ocrx_word' id='word_1_313' title='bbox 1071 3720 1099 3760; x_wconf 85' lang='lat' dir='ltr'>et</span> <span class='ocrx_word' id='word_1_314' title='bbox 1111 3712 1228 3775; x_wconf 86' lang='lat' dir='ltr'>complu-</span> 
     </span>
     <span class='ocr_line' id='line_1_38' title="bbox 128 3772 1228 3839; baseline 0.005 -20"><span class='ocrx_word' id='word_1_315' title='bbox 128 3772 239 3820; x_wconf 83' lang='lat' dir='ltr'>resulire</span> <span class='ocrx_word' id='word_1_316' title='bbox 251 3774 388 3825; x_wconf 82' lang='lat' dir='ltr'>editiones.</span> <span class='ocrx_word' id='word_1_317' title='bbox 416 3777 472 3826; x_wconf 86' lang='lat' dir='ltr'>Pel.</span> <span class='ocrx_word' id='word_1_318' title='bbox 485 3777 587 3832; x_wconf 81' lang='lat' dir='ltr'>tertius,</span> <span class='ocrx_word' id='word_1_319' title='bbox 603 3778 840 3839; x_wconf 63' lang='lat' dir='ltr'>memoremque.</span> <span class='ocrx_word' id='word_1_320' title='bbox 875 3778 978 3837; x_wconf 69' lang='lat' dir='ltr'>tapnim</span> <span class='ocrx_word' id='word_1_321' title='bbox 986 3776 1102 3838; x_wconf 84' lang='lat' dir='ltr'>conjicit,</span> <span class='ocrx_word' id='word_1_322' title='bbox 1117 3777 1228 3838; x_wconf 60' lang='lat' dir='ltr'>ponder</span> 
     </span>
     <span class='ocr_line' id='line_1_39' title="bbox 128 3835 1226 3904; baseline 0.005 -22"><span class='ocrx_word' id='word_1_323' title='bbox 128 3835 237 3884; x_wconf 78' lang='lat' dir='ltr'>relietum</span> <span class='ocrx_word' id='word_1_324' title='bbox 253 3837 366 3888; x_wconf 69' lang='lat' dir='ltr'>emmam.</span> <span class='ocrx_word' id='word_1_325' title='bbox 401 3841 482 3904; x_wconf 81' lang='lat' dir='ltr'>Atqui</span> <span class='ocrx_word' id='word_1_326' title='bbox 503 3841 550 3888; x_wconf 82' lang='lat' dir='ltr'>uiri</span> <span class='ocrx_word' id='word_1_327' title='bbox 570 3844 713 3890; x_wconf 81' lang='lat' dir='ltr'>auctoritas</span> <span class='ocrx_word' id='word_1_328' title='bbox 733 3842 811 3890; x_wconf 87' lang='lat' dir='ltr'>duum</span> <span class='ocrx_word' id='word_1_329' title='bbox 830 3842 1059 3890; x_wconf 79' lang='lat' dir='ltr'>vetustissimorum</span> <span class='ocrx_word' id='word_1_330' title='bbox 1079 3839 1226 3903; x_wconf 86' lang='lat' dir='ltr'>impediret,</span> 
     </span>
     <span class='ocr_line' id='line_1_40' title="bbox 128 3895 1227 4018; baseline 0.001 -4"><span class='ocrx_word' id='word_1_331' title='bbox 128 3901 366 4016; x_wconf 58' lang='lat' dir='ltr'>lillibit&#39;iii</span> <span class='ocrx_word' id='word_1_332' title='bbox 380 3895 1227 4018; x_wconf 57' lang='lat' dir='ltr'>⁸&#39;tatitemeritatum,ttrtttttttttttttu</span> 
     </span>
     <span class='ocr_line' id='line_1_41' title="bbox 128 3983 1227 4092; baseline 0.004 -16"><span class='ocrx_word' id='word_1_333' title='bbox 128 4025 226 4092; x_wconf 79' lang='lat' dir='ltr'>‘rugus</span> <span class='ocrx_word' id='word_1_334' title='bbox 239 3983 345 4090; x_wconf 55' lang='lat' dir='ltr'>errari’e,¹</span> <span class='ocrx_word' id='word_1_335' title='bbox 363 3983 496 4081; x_wconf 57' lang='lat' dir='ltr'>etgrimitia</span> <span class='ocrx_word' id='word_1_336' title='bbox 514 4033 677 4082; x_wconf 67' lang='lat' dir='ltr'>notarlnnrs!</span> <span class='ocrx_word' id='word_1_337' title='bbox 688 4003 720 4082; x_wconf 69' lang='lat' dir='ltr'>&#39;a</span> <span class='ocrx_word' id='word_1_338' title='bbox 734 3985 948 4082; x_wconf 50' lang='lat' dir='ltr'>biterensi-re</span> <span class='ocrx_word' id='word_1_339' title='bbox 964 4031 1145 4080; x_wconf 65' lang='lat' dir='ltr'>‘Corsulereat</span> <span class='ocrx_word' id='word_1_340' title='bbox 1166 4001 1227 4080; x_wconf 77' lang='lat' dir='ltr'>Ote&#39;·</span> 
     </span>
     <span class='ocr_line' id='line_1_42' title="bbox 127 4095 1226 4160; baseline 0.005 -21"><span class='ocrx_word' id='word_1_341' title='bbox 127 4095 197 4142; x_wconf 81' lang='lat' dir='ltr'>&#39;cilius</span> <span class='ocrx_word' id='word_1_342' title='bbox 216 4095 284 4156; x_wconf 81' lang='lat' dir='ltr'>(stne</span> <span class='ocrx_word' id='word_1_343' title='bbox 305 4110 386 4159; x_wconf 80' lang='lat' dir='ltr'>praru.</span> <span class='ocrx_word' id='word_1_344' title='bbox 406 4105 436 4146; x_wconf 92' lang='lat' dir='ltr'>ut</span> <span class='ocrx_word' id='word_1_345' title='bbox 455 4111 512 4145; x_wconf 83' lang='lat' dir='ltr'>mox</span> <span class='ocrx_word' id='word_1_346' title='bbox 533 4096 654 4160; x_wconf 80' lang='lat' dir='ltr'>Cornelio)</span> <span class='ocrx_word' id='word_1_347' title='bbox 671 4099 702 4146; x_wconf 86' lang='lat' dir='ltr'>nd</span> <span class='ocrx_word' id='word_1_348' title='bbox 720 4096 813 4145; x_wconf 83' lang='lat' dir='ltr'>unicum</span> <span class='ocrx_word' id='word_1_349' title='bbox 831 4104 883 4145; x_wconf 76' lang='lat' dir='ltr'>cet.</span> <span class='ocrx_word' id='word_1_350' title='bbox 917 4096 961 4144; x_wconf 87' lang='lat' dir='ltr'>Itu</span> <span class='ocrx_word' id='word_1_351' title='bbox 980 4097 1046 4144; x_wconf 76' lang='lat' dir='ltr'>Mea.</span> <span class='ocrx_word' id='word_1_352' title='bbox 1064 4103 1162 4144; x_wconf 79' lang='lat' dir='ltr'>tantum</span> <span class='ocrx_word' id='word_1_353' title='bbox 1175 4109 1226 4144; x_wconf 88' lang='lat' dir='ltr'>uon</span> 
     </span>
     <span class='ocr_line' id='line_1_43' title="bbox 128 4159 1225 4224; baseline 0.005 -21"><span class='ocrx_word' id='word_1_354' title='bbox 128 4171 217 4206; x_wconf 88' lang='lat' dir='ltr'>omues</span> <span class='ocrx_word' id='word_1_355' title='bbox 236 4169 263 4206; x_wconf 85' lang='lat' dir='ltr'>et</span> <span class='ocrx_word' id='word_1_356' title='bbox 284 4161 350 4208; x_wconf 82' lang='lat' dir='ltr'>Edd.</span> <span class='ocrx_word' id='word_1_357' title='bbox 367 4171 427 4210; x_wconf 84' lang='lat' dir='ltr'>ante</span> <span class='ocrx_word' id='word_1_358' title='bbox 444 4161 525 4210; x_wconf 84' lang='lat' dir='ltr'>Gran.</span> <span class='ocrx_word' id='word_1_359' title='bbox 543 4161 614 4224; x_wconf 84' lang='lat' dir='ltr'>prob.</span> <span class='ocrx_word' id='word_1_360' title='bbox 635 4163 752 4210; x_wconf 83' lang='lat' dir='ltr'>Dukere.</span> <span class='ocrx_word' id='word_1_361' title='bbox 771 4162 904 4209; x_wconf 70' lang='lat' dir='ltr'>Censuim-</span> <span class='ocrx_word' id='word_1_362' title='bbox 931 4159 959 4208; x_wconf 76' lang='lat' dir='ltr'>T.</span> <span class='ocrx_word' id='word_1_363' title='bbox 982 4159 1102 4209; x_wconf 75' lang='lat' dir='ltr'>Otacilius</span> <span class='ocrx_word' id='word_1_364' title='bbox 1123 4161 1225 4209; x_wconf 83' lang='lat' dir='ltr'>emend.</span> 
     </span>
     <span class='ocr_line' id='line_1_44' title="bbox 129 4221 1224 4289; baseline 0.002 -18"><span class='ocrx_word' id='word_1_365' title='bbox 129 4221 222 4271; x_wconf 59' lang='lat' dir='ltr'>Grau?</span> <span class='ocrx_word' id='word_1_366' title='bbox 240 4223 341 4288; x_wconf 83' lang='lat' dir='ltr'>Rupert.</span> <span class='ocrx_word' id='word_1_367' title='bbox 369 4227 505 4278; x_wconf 74' lang='lat' dir='ltr'>Conantem.</span> <span class='ocrx_word' id='word_1_368' title='bbox 518 4227 545 4275; x_wconf 83' lang='grc' dir='ltr'>Τ.</span> <span class='ocrx_word' id='word_1_369' title='bbox 559 4225 677 4275; x_wconf 77' lang='lat' dir='ltr'>Otaciliae</span> <span class='ocrx_word' id='word_1_370' title='bbox 692 4225 755 4275; x_wconf 87' lang='lat' dir='ltr'>daut</span> <span class='ocrx_word' id='word_1_371' title='bbox 768 4225 1006 4289; x_wconf 59' lang='lat' dir='ltr'>banjos-Crevier.</span> <span class='ocrx_word' id='word_1_372' title='bbox 1024 4225 1107 4275; x_wconf 80' lang='lat' dir='ltr'>Drak.</span> <span class='ocrx_word' id='word_1_373' title='bbox 1122 4226 1224 4275; x_wconf 75' lang='lat' dir='ltr'>Stroth.</span> 
     </span>
    </p>
   </div>
   <div class='ocr_carea' id='block_1_6' title="bbox 0 0 1472 4767">
    <p class='ocr_par' dir='ltr' id='par_1_9' title="bbox 0 0 1472 4767">
     <span class='ocr_line' id='line_1_45' title="bbox 0 0 1472 4767; baseline 0 0"><span class='ocrx_word' id='word_1_374' title='bbox 0 0 1472 4767; x_wconf 95' lang='lat' dir='ltr'> </span> 
     </span>
    </p>
   </div>
  </div>
 </body>
</html>
