2917 4767
257 366 343 439 1446
741 384 777 436 r.
801 386 896 438 ιινιι

419 536 674 615 temperantissime
687 534 814 607 dedinrs,
824 537 883 596 hnc
895 536 1021 596 rationes
1027 532 1363 596 suosomnesrelerebat

257 651 397 782 silli?
400 629 1366 836 itt?tihtit¹thss¹thtttt⁶ttthth

254 785 280 829 ’”
419 820 543 891 solebat,
556 822 745 901 quamarmis
756 842 816 882 rem
827 822 1024 903 permitteret.
1044 825 1365 903 animosquehostinm‚

419 927 452 975 ut
472 918 594 995 quisque
617 926 796 998 opportunus
814 927 888 987 erat,
909 925 1000 989 metu,
1014 917 1187 998 cupiditate,
1200 919 1365 1002 voluptate,

419 1012 625 1083 misericordia,
647 1012 774 1092 denique
794 1012 994 1073 conditionum
1015 1005 1162 1092 equitate
1177 1034 1212 1074 ac
1225 1014 1366 1086 utilitate,

419 1108 601 1168 moliebatur.
651 1106 747 1186 Igitur
766 1109 900 1168 nuntiato
922 1108 1023 1169 Roma
1048 1110 1160 1187 legatos
1183 1112 1295 1181 venire,
1321 1121 1368 1171 tot

258 1202 366 1253 zonaras.
698 1205 705 1219 ’
918 1205 923 1217 “
1134 1208 1140 1219 ’
1170 1206 1176 1219 ’
1261 1208 1269 1221 ’

275 1298 407 1348 vem.
418 1202 1369 1381 hillidiililffllifflsssliiffldt

258 1368 328 1474 {2³1⁶
338 1426 408 1477 Diae.
420 1394 506 1471 igitur
518 1402 549 1452 et
560 1394 659 1463 tutior,
672 1403 703 1451 et
723 1395 889 1454 honoratior
904 1414 1037 1455 accessus
1056 1415 1156 1457 eorum
1168 1395 1255 1465 soret,
1268 1397 1308 1457 sd
1322 1400 1367 1478 ip

257 1490 322 1539 nist.
336 1490 408 1540 Mire.
420 1508 466 1547 sos
479 1508 569 1567 usquc
583 1487 654 1548 fines
666 1490 727 1567 agri
739 1489 889 1549 Tarentini
903 1491 1053 1569 Lyconem
1069 1493 1186 1551 nahone
1201 1492 1368 1552 Molossum

261 1558 336 1665 ’ᾖξ’
345 1618 409 1681 apud
420 1604 486 1643 cum
500 1584 634 1665 prasidio
646 1584 723 1643 misit
735 1585 869 1672 obviam:
891 1586 953 1665 ipse
964 1606 1034 1646 vero
1041 1606 1110 1646 cum
1116 1596 1219 1647 ornato
1232 1591 1369 1666 equitatu

258 1679 407 1733 Fuluursin.
420 1679 603 1739 venientibus
623 1688 708 1739 entra
727 1688 842 1759 portam
856 1682 992 1752 occurrit,
1012 1682 1212 1761 deductosque
1225 1702 1368 1761 perquam

419 1771 577 1833 honorilice
590 1794 627 1835 ac
639 1774 823 1853 hospitaliter
842 1776 929 1833 rebus
943 1777 1078 1835 omnibus
1093 1776 1173 1834 laute
1188 1785 1279 1855 atque
1293 1777 1368 1837 libe·

274 1957 377 2021 ιιι..
395 1868 1371 2045 3ζίῗί’ζ’ἰίἴιι’ὶῖἱιῖἰῖιὶίῗ.’ξί’ξῖῗίἶὶἱὶἷὲἷίἷῖἰῖῗ

258 2022 410 2137 iffi&
422 2059 500 2119 vices
512 2068 724 2139 caecatusque
737 2060 863 2139 prascin
854 2058 974 2120 ‘futura
968 2080 1081 2169 pqsse,
1084 2060 1245 2120 'mandato
1256 2062 1368 2123 edunt:

422 2162 477 2213 ‘se
489 2153 528 2212 ad
541 2154 720 2234 recipiendos
731 2154 864 2261 captivos
879 2175 947 2214 suos
963 2156 1085 2226 venisse,
1106 2157 1167 2216 sive
1180 2166 1260 2217 certo
1274 2158 1305 2216 in
1317 2178 1368 2218 ea-

422 2248 485 2326 pite
505 2251 599 2327 pretio
611 2249 761 2319 redimi,
739 2268 800 2308 sive
820 2268 888 2309 cum
904 2249 1070 2311 Tarentinis
1090 2249 1191 2311 aliisve
1209 2256 1370 2331 permutari

443 2344 588 2401 staretur!

258 2441 368 2491 Ζοιιιιι.
421 2362 442 2421 p
462 2442 510 2494 16.
532 2436 667 2515 Pyrrhus
686 2438 760 2498 nihil
781 2457 895 2515 magnae
913 2440 955 2497 rei
981 2440 1043 2497 sine
1062 2439 1186 2499 consilio
1206 2441 1370 2501 amicorum

419 2538 765 2593 statuereconsuererat:
787 2552 847 2610 quo
869 2540 932 2591 tum
954 2552 1071 2611 quoque
1091 2542 1266 2604 mnrocato,
1289 2536 1371 2596 Milo

419 2626 539 2705 quidam
547 2625 700 2697 suadebat,
715 2636 723 2662 ⁶
735 2636 770 2686 ut
779 2627 904 2705 captivis
911 2629 1031 2686 retentis
1037 2627 1156 2688 fortuna
1164 2648 1217 2687 sua
1225 2638 1370 2701 uteretur,

420 2740 514 2799 neque
528 2718 637 2780 bellum
649 2722 704 2779 nisi
716 2719 887 2801 perdomitis
899 2720 1045 2781 Romanis
1056 2724 1223 2783 omitteret?
1266 2724 1372 2805 longe

419 2815 535 2875 diversa
557 2814 660 2878 Cineae
679 2816 773 2875 oratio
795 2815 873 2875 fuit:
900 2818 952 2894 qui
973 2827 1198 2877 commemorata
1220 2827 1228 2854 ‘
1248 2832 1372 2882 sensura

420 2908 579 2990 populique
593 2910 724 2971 Romani
740 2911 917 2979 commentia,
939 2929 1028 2988 quam
1047 2931 1124 2990 saepe
1143 2914 1283 2973 extremis
1294 2924 1371 2976 tem·

420 3004 539 3084 poribus
558 3005 617 3064 suis
642 3006 781 3066 invictam
805 3004 1003 3075 ostendisset,'
1022 3005 1167 3084 subjecit:
1195 3015 1205 3043 ‘
1227 3007 1372 3072 Aliorum

419 3098 550 3160 fortassis
561 3100 688 3161 hostium
706 3109 759 3159 ant
773 3118 868 3160 mores
882 3098 1038 3170 oderimus,
1061 3110 1114 3160 aut
1129 3105 1373 3166 contemserirnus

420 3214 510 3253 anna.
553 3194 630 3272 Cum
641 3195 696 3253 hac
709 3202 808 3270 gente,
821 3214 841 3253 o
851 3213 915 3263 rex,
929 3194 1089 3255 amicitiam
1101 3196 1156 3255 tihi
1168 3197 1265 3276 potins
1277 3218 1372 3277 quarn

420 3287 531 3347 bellurn
541 3287 709 3346 habendum
717 3306 780 3346 esse
789 3306 913 3347 censeo:
927 3308 1022 3367 neque
1031 3290 1114 3349 reddi
1126 3289 1371 3372 modccaptivcs,

420 3382 473 3441 sed
492 3384 582 3441 etiam
593 3380 708 3451 donari,
725 3401 765 3440 ex
787 3401 840 3441 usu
861 3390 912 3441 tuo
931 3382 1039 3444 fuerit:
1060 3404 1156 3464 neque
1173 3385 1371 3449 differendum

421 3476 555 3544 arbitror,
572 3475 642 3554 quin
656 3472 770 3555 legatos
780 3494 848 3536 cum
859 3477 1027 3537 muneribus
1038 3477 1169 3539 Romam
1184 3481 1297 3551 mittas,
1317 3487 1371 3562 qui

421 3570 637 3629 conditionibus
655 3572 747 3649 aquis
766 3590 869 3650 pacem
887 3570 1056 3632 conficiant
1099 3572 1172 3633 Hoc
1193 3576 1272 3634 enim
1290 3577 1370 3638 illud

421 3674 535 3745 tempus
554 3684 616 3725 esse
636 3667 771 3737 arbitror,
789 3686 849 3746 quo
868 3686 930 3726 rem
950 3667 1006 3726 tibi
1026 3672 1228 3740 necessariam,
1246 3672 1273 3729 si
1293 3674 1369 3751 qnid

414 3760 530 3839 judico,
552 3762 726 3821 etiamnum
748 3759 892 3840 dignitate
911 3761 1009 3821 iacere
1031 3764 1132 3843 possis
1174 3763 1269 3826 Nunc
1285 3769 1367 3827 enim

420 3857 506 3915 rebus
518 3854 615 3915 adhuc
628 3857 772 3936 prosperis
782 3855 820 3915 de
839 3874 912 3935 pace
925 3874 1025 3935 agens,
1046 3867 1078 3917 et
1093 3858 1220 3930 facilius,
1233 3880 1302 3939 quse
1315 3882 1367 3921 ro·

420 3950 517 4021 lucris,
532 3954 742 4031 impetraveris,
755 3960 787 4011 et
795 3951 878 4013 nulla
890 3952 953 4012 alia
962 3971 1063 4024 causa,
1076 3974 1166 4033 quarn
1175 3956 1265 4016 animi
1277 3957 1368 4018 solita

421 4045 634 4122 magnitudine,
649 4066 751 4126 pacem
763 4047 902 4107 obtulisse
914 4047 1061 4109 videberis
1074 4051 1119 4119 iis,
1135 4070 1209 4129 quos
1221 4053 1369 4130 integrum

421 4138 523 4201 luisset
535 4138 621 4202 umis
633 4140 672 4203 ad
683 4143 853 4205 servitutem
861 4163 975 4223 cogere.
1003 4144 1045 4205 Et
1053 4146 1131 4205 absit
1138 4147 1259 4224 quidem
1265 4166 1367 4222 omen,
