2917 4767
497 389 570 436 ure.
593 387 699 436 xxn.
720 389 802 437 our.
824 373 876 440 47.
1154 375 1240 444 1858

93 539 255 600 coena
269 543 321 599 est
334 533 485 618 peditum
506 551 628 616 pugna.
672 533 788 598 Primo
804 539 837 599 et
852 533 980 599 viribus
995 541 1029 601 et
1043 536 1163 600 unimiu
1177 557 1238 621 pu-

93 655 161 700 tes
181 636 407 701 constabant
423 635 557 698 ordines
568 634 679 699 Gallis
694 635 944 719 Hispanisque:
958 638 1093 702 leudem
1109 636 1238 706 Romu·

94 739 154 814 ni,
176 739 257 803 diu
273 759 316 804 nc
330 757 423 820 saepe
438 737 594 813 connisi,u
609 753 707 820 oequu
730 736 840 801 fronte
863 739 1042 822 acieque¹⁴
1056 739 1161 806 densa
1175 743 1236 810 iur-

95 839 252 920 pulere
275 839 425 902 hostium
447 855 587 902 cuneum
613 837 711 900 nimis
737 845 882 914 tenuem,
897 857 1006 922 eoque
1022 859 1137 922 perum
1155 845 1236 909 vuli-

95 940 215 1018 dum,
238 961 263 1005 a
277 949 389 1005 cetera
409 939 647 1022 prominentem
673 937 758 1001 acie.
802 937 967 1021 Impulsis
981 940 1100 1004 deiude
1115 961 1156 1008 ec
1173 951 1234 1009 tre-

95 1043 199 1124 pide
235 1040 457 1107 referentibus
481 1037 604 1122 pedem
629 1039 840 1103 insisteret¹⁵
870 1059 912 1104 uc
941 1048 1055 1106 tenore
1080 1063 1149 1108 uuo
1175 1066 1234 1129 per

95 1163 286 1228 praeceps
309 1161 434 1227 pavore
458 1141 657 1223 fugientium
682 1159 802 1223 agmen
815 1139 863 1184 ¹⁶¹
883 1144 916 1206 iu
930 1144 1075 1209 medium
1091 1149 1234 1229 primum

97 1245 239 1310 eciem
253 1245 355 1323 illuti3
369 1249 553 1328 postremo,
577 1241 671 1307 nullo
696 1244 885 1320 resistente,
909 1245 1118 1311 edeubsidia
1134 1248 1233 1312 Afro·

98 1365 193 1410 rum
213 1351 455 1430 pervenemut3
478 1345 537 1428 qui
553 1344 720 1429 utrimque
735 1344 882 1412 reductis
899 1347 986 1410 eliel
1000 1350 1232 1428 constiterunt,

99 1447 254 1525 media,
269 1468 337 1531 que
358 1445 452 1511 Gelli
473 1445 692 1528 Hispanique
717 1452 916 1520 uleteruut,¹⁷
932 1449 1137 1532 aliquantum
1154 1471 1231 1535 pro-

98 1551 278 1615 minente
292 1551 385 1614 acie:
408 1547 467 1632 qui
493 1566 621 1611 cuneus
646 1553 684 1611 ut
700 1549 818 1631 pulsus
835 1551 987 1632 aequavil
1000 1551 1144 1616 frontem
1164 1553 1229 1634 pri·

98 1670 231 1728 rnnrn,
246 1651 368 1715 deiude
383 1647 521 1714 nitendo
534 1648 560 1686 ¹⁸
574 1649 678 1712 elium
695 1648 804 1714 einum
821 1651 855 1712 iu
871 1651 979 1714 medio
995 1651 1111 1716 dedit·
1152 1652 1228 1718 Alri

100 1753 219 1818 circa
236 1753 310 1836 J’em
324 1771 452 1816 cornua
466 1752 633 1828 lecereut3
654 1749 925 1838 irruentibusque
947 1752 1080 1816 incaute
1105 1753 1138 1815 in
1160 1773 1227 1818 me-

103 1851 218 1917 dinm
244 1853 421 1929 Romanis,
453 1849 701 1916 circumdedere
727 1851 819 1914 ulus:
843 1871 933 1924 mox,
964 1871 1087 1918 cornua
1114 1860 1227 1919 exlen-

103 1953 253 2033 dendo,
275 1955 449 2019 clausere*
472 1957 507 2016 et
529 1953 574 2017 ub
599 1960 691 2034 tergo
712 1952 835 2016 hostes.
881 1953 974 2018 Hinc
991 1953 1149 2032 Romani,
1169 1957 1224 2020 de-

103 2056 234 2122 functi
258 2057 482 2141 nequicquam
507 2053 628 2138 praelio
647 2073 729 2131 uno,
747 2055 881 2120 omissis
904 2053 1015 2120 Gallie
1038 2055 1224 2139 Hispanis-

104 2177 199 2239 que,
212 2178 352 2243 quorum
365 2167 460 2240 terge
474 2155 675 2233 cecideruut,
684 2161 718 2222 et
728 2159 758 2218 ¹⁹.
769 2156 933 2222 adversus
946 2156 1048 2222 Afros
1062 2157 1224 2239 integram
1276 2225 1280 2233 ,

144 2336 157 2358 ·
178 2328 242 2376 Cere
254 2340 340 2375 meur
352 2326 475 2375 Gallorum
483 2328 507 2372 el
520 2322 743 2386 Hispanumque·
755 2321 860 2384 primum
869 2337 885 2370 a
894 2328 971 2372 cetera
981 2323 1129 2386 promlreiel
1138 2324 1223 2380 urim

111 2391 240 2440 Romule
249 2391 341 2449 suieeel
354 2391 404 2438 loeo
417 2390 499 2451 peleue
509 2387 537 2435 eb
544 2385 644 2435 eluiem
654 2387 804 2444 raritatem,
820 2391 913 2449 aequuiu
921 2387 999 2448 primu
1009 2393 1044 2436 eet
1055 2387 1137 2451 fruere,
1153 2403 1222 2452 quun

109 2455 227 2504 Reneee'
235 2454 387 2516 fugientium
396 2453 532 2502 leeielerler
538 2451 576 2500 ile
586 2450 729 2513 irepeleruel
739 2457 765 2498 ul
775 2449 849 2514 fleret
860 2451 886 2500 lu
898 2452 972 2500 medie
982 2453 1047 2502 uelut
1056 2453 1130 2502 einer.

577 2576 763 2598 ΙΜΜΙΜΙ

149 2685 183 2730 te
204 2681 316 2730 struere
331 2679 400 2729 Edd.
411 2685 473 2728 unte
484 2677 599 2728 Gronov.
612 2681 640 2725 et
657 2675 776 2740 plerique
792 2675 922 2727 Meu-ll
939 2674 1001 2736 Diu,
1013 2690 1041 2724 ee
1050 2691 1112 2740 eaepe
1122 2677 1221 2726 caedua

109 2745 253 2808 «meane,
262 2746 397 2807 quasmle
406 2744 501 2806 acieque
511 2741 578 2791 Edd.
590 2747 651 2790 unte
663 2739 779 2790 Gronov.
790 2747 818 2788 et
830 2739 946 2803 plerique
961 2740 1089 2788 Meu—16
1106 2741 1220 2791 innitere

111 2811 234 2860 malebat
245 2809 272 2860 J.
283 2811 312 2858 F.
322 2809 505 2858 (irenen-1⁰
522 2806 563 2854 ΑΙ.
574 2806 742 2867 agmine-17
761 2804 813 2852 Pru
824 2809 940 2852 elelerarrt
953 2804 977 2852 iu
989 2803 1057 2854 Edu.
1065 2813 1125 2854 unte
1136 2805 1219 2854 Druk.

111 2885 155 2922 eet
177 2877 368 2924 aceruum-ts
392 2873 468 2934 Conj.
490 2869 600 2931 Rupert.
619 2869 795 2918 cedendo-lit
816 2867 868 2916 ‘Et
890 2880 935 2930 pru
956 2867 1025 2931 vulg.
1045 2869 1118 2917 eliam
1136 2867 1219 2931 (quod

111 2939 195 2988 ruodo
207 2938 340 3000 premisit
352 2944 380 2986 et
389 2950 450 2984 mox
461 2931 592 2998 requitur)
601 2947 634 2982 ex
644 2932 749 2995 optimie
763 2931 824 2980 Mer.
834 2931 863 2996 (u
873 2931 964 2998 qulbue
973 2933 1049 2982 etiem
1057 2931 1087 2980 τὸ
1097 2933 1218 2994 integrum

113 3002 206 3067 ebert)
217 3003 338 3068 repueui:
356 3003 406 3051 etri
417 3001 492 3064 plene
503 2999 593 3048 delere
603 2995 708 3047 melin?
725 2996 828 3058 Ruperl.
886 3033 890 3042 .

613 3141 720 3194 NO'l'AE

145 3255 158 3280 ¹
175 3246 264 3296 uiuae
272 3243 444 3308 eapereueier]
460 3243 595 3292 eorrectio
603 3248 644 3292 ert
684 3239 748 3288 duur
759 3243 849 3303 purtee
860 3234 944 3293 diviri,
962 3251 1006 3286 eeu
1023 3238 1165 3300 manipulos
1177 3237 1215 3288 iu·

112 3323 206 3385 lipsii,
213 3336 289 3386 quem
294 3320 578 3372 GruterueetGreuor.
585 3333 643 3382 pro·
685 3313 804 3370 terioreu,
814 3326 864 3375 que
874 3319 949 3374 perte
961 3312 1072 3374 proximi
1082 3312 1214 3374 peditibue

112 3399 188 3454 bunt,
205 3398 254 3447 uiri
266 3399 336 3461 quod
348 3397 389 3446 lric
400 3395 643 3460 proellmesroete
682 3389 806 3454 Hirpuuie
818 3387 969 3452 Gallisqu03
988 3402 1045 3451 quae
1064 3389 1112 3437 rte
1130 3388 1214 3440 minue

111 3473 251 3539 legendum
262 3475 356 3524 merite
371 3481 471 3534 caaeer,
487 3473 643 3536 aquasreura
682 3463 863 3530 prominebant
884 3477 959 3530 quem
977 3462 1064 3512 medie
1082 3463 1152 3514 ueiee
1173 3478 1213 3514 re·

110 3567 144 3605 rx
167 3552 289 3616 Polybio,
315 3551 357 3614 qui
381 3549 462 3600 ltubet
488 3547 528 3598 lul
547 3547 643 3599 (Μαι.
681 3543 760 3606 lique.

111 3628 186 3680 Aliee
205 3629 350 3692 legebatur,
368 3627 411 3676 diu
428 3641 457 3676 ue
472 3626 642 3689 morvilla
718 3616 992 3666 ¹Circurudedereulue:
1003 3629 1213 3675 mutorum.

110 3707 291 3770 ugilehuelqea
296 3707 389 3766 fronte,
397 3707 440 3767 qe.
680 3695 805 3754 tendendo,
822 3691 938 3754 eluueere]
956 3690 1017 3741 Alae
1029 3691 1113 3742 edlruc
1130 3693 1210 3744 iuter·

142 3783 321 3832 ‘Terrorem
335 3795 379 3843 per
390 3793 494 3843 praecept
507 3793 592 3840 perere
594 3779 639 3838 su·
681 3778 769 3834 pretor
791 3769 894 3818 ordiner
917 3762 1039 3814 Afrorum
1062 3767 1121 3816 hinc
1148 3769 1210 3818 inde

108 3855 340 3920 similaceum]
358 3855 432 3904 Atreu
451 3855 553 3915 nguine.
587 3851 638 3902 Sed
679 3843 811 3908 peditibus
838 3839 921 3890 Gallie
948 3847 974 3887 et
1003 3839 1127 3902 iliepuuiu
1149 3855 1210 3890 ceu·
1256 3871 1260 3884 .

110 3944 183 3984 reete
200 3932 367 3984 emendatum
382 3943 476 3990 mee,
495 3935 526 3976 ut
542 3927 576 3975 rit
591 3941 640 3990 per
674 3921 840 3986 junctorum
866 3928 961 3964 cernue
988 3929 1048 3964 vero
1077 3924 1207 3966 extremus

110 4025 201 4072 ermen
217 4008 384 4072 tirgieutimu,
403 4018 501 4070 perere
520 4017 638 4068 pracepe
679 3995 819 4047 eorundem
847 3993 906 4041 hinc
934 3989 994 4039 iude
1024 3991 1137 4050 ordiner,
1164 3993 1208 4056 qui
1263 4023 1266 4030 ·

109 4096 135 4137 et
146 4087 308 4136 inclinemur.
678 4075 748 4125 circu
758 4071 886 4120 Romanor
905 4066 1005 4118 diducti
1025 4075 1115 4136 uteoe
1127 4068 1208 4120 iurul-

139 4170 150 4205 5
169 4161 220 4218 Qui
239 4159 356 4222 ulrireqee
375 4155 481 4208 reduetir
501 4154 558 4217 alie]
575 4153 638 4204 Alei
678 4154 781 4198 retent.

108 4239 227 4303 intellige
253 4237 337 4285 lutere
363 4234 498 4298 peditutur
525 4229 584 4280 Afri
610 4231 637 4280 in
