2917 4767
750 318 787 365 Τ.
809 317 904 367 blVll

417 472 470 524 est.
493 462 630 542 Denique
639 464 705 541 jam
718 463 748 520 in
761 482 832 541 agro
843 462 1003 521 Tarentino
1016 460 1156 522 Romana
1168 472 1266 522 eastra
1277 473 1365 523 sunt:

418 570 449 619 et
462 579 513 619 nos
525 559 623 619 adhuc
637 559 739 617 incerti
747 557 1006 627 omnium,bellurn
1016 558 1200 618 formidabile
1208 578 1248 617 an
1261 578 1365 638 pacem

417 654 584 716 indecoram
598 654 688 713 satius
700 654 739 713 sit
751 654 858 732 accipi,
866 653 1075 727 deliberamus.

459 756 508 809 1³.
530 749 655 829 ‘Atque
671 750 783 808 utinam
806 768 882 807 nunc
903 748 1022 807 demum
1042 749 1128 809 obliti
1145 748 1367 819 blanditiarum,

417 845 502 905 obliti
519 846 695 925 privatorum
712 843 943 914 commodorum,
961 840 1136 922 dignitatem
1152 844 1369 923 utilitatemque

417 940 567 1021 publicam
587 948 753 1020 spectantes
775 940 806 998 in
828 958 983 999 commune
1004 938 1235 1001 consuleremus!
1281 940 1370 1000 Esset

419 1035 495 1095 unde
508 1035 556 1097 vel
569 1036 679 1095 foedera
691 1036 823 1104 honeste,
833 1034 879 1093 vel
890 1054 972 1093 arnra
984 1042 1048 1094 tuto
1060 1043 1250 1095 sumerentur.
1273 1034 1370 1095 Nunc

419 1131 449 1189 in
462 1130 536 1191 duas
552 1152 604 1191 vos
618 1132 698 1191 abire
714 1139 823 1210 partes,
838 1139 869 1189 et
886 1129 1097 1209 propemodum
1111 1131 1255 1189 factiones
1268 1130 1370 1201 rideo,

420 1245 478 1285 non
486 1225 618 1303 judiciis,
633 1235 684 1285 aut
695 1245 735 1285 ex
748 1225 914 1284 conditione
929 1245 1025 1285 rerum
1043 1235 1139 1285 sumto
1151 1226 1295 1295 consili03
1317 1226 1371 1286 sed

420 1320 613 1399 unisquisque
626 1322 722 1381 causis
736 1320 861 1381 ducitur.
904 1320 967 1379 Cur
986 1320 1064 1379 enim
1084 1329 1146 1379 tam
1161 1325 1372 1400 pauccsjuvc-

421 1434 472 1473 nes
494 1426 525 1475 et
544 1436 686 1497 pauperes
708 1418 739 1475 in
758 1436 796 1476 ea
810 1416 957 1475 sententia
972 1436 1035 1475 esse
1055 1414 1154 1485 video,
1176 1436 1243 1495 quoe
1264 1438 1372 1496 pacem

422 1508 548 1571 laudati
569 1522 621 1571 aut
639 1532 692 1572 cur
712 1512 821 1571 nemini
841 1511 903 1571 lere
917 1509 1042 1571 divitium
1055 1495 1087 1570 et
1098 1512 1244 1571 seniorum
1257 1513 1373 1572 bellum

290 1618 306 1649 n
334 1632 341 1649 ·
424 1604 543 1685 placetl
584 1606 637 1666 An
652 1604 1305 1686 aliatamssqualiterdivisaecivitatiscausa
1314 1619 1372 1679 eet,

422 1720 511 1781 quarn
539 1702 618 1782 quod
642 1703 673 1763 bi
699 1704 786 1763 rebus
810 1704 919 1783 quietis
942 1702 1052 1793 lucore
1077 1722 1130 1761 suo
1155 1705 1289 1783 agrisque
1313 1705 1375 1763 lrui

422 1796 542 1869 volunt;
565 1798 621 1868 illi,
643 1798 667 1857 si
688 1798 800 1857 bellum
820 1796 981 1858 conflatum
997 1797 1047 1867 sit,
1068 1798 1099 1857 in
1113 1799 1251 1878 imperiis,
1266 1809 1320 1859 aut
1330 1820 1373 1859 ex

423 1889 545 1955 licentis
567 1894 673 1975 prtedae
695 1893 902 1974 compendium
922 1894 1059 1973 sperent?
1100 1894 1202 1953 Etiam
1222 1894 1294 1954 olim
1315 1897 1375 1955 boc

286 1983 292 1995 ’
354 1998 364 2033 ·“
425 1992 526 2053 morbo
538 1990 715 2061 laboramus,
729 2008 855 2068 nequea
875 1987 964 2065 longo
979 1990 1047 2065 jam
1063 1997 1194 2069 tempore
1205 1991 1376 2071 respublica

423 2096 520 2148 nostra
540 2086 706 2145 bominibus
727 2085 833 2155 caruit,
847 2084 898 2162 qui
917 2084 1094 2145 domesticas
1108 2105 1179 2165 opes
1191 2106 1297 2164 augere
1310 2098 1374 2146 stu·

421 2185 534 2252 derent,
548 2182 639 2240 etiam
651 2199 719 2239 cum
733 2178 863 2259 periculo
875 2189 907 2239 et
918 2178 1095 2240 detrimento
1109 2181 1249 2242 civitatis.

463 2285 513 2338 14.
542 2273 682 2342 ‘Quibus
707 2275 843 2334 omnibus
866 2294 1016 2337 occurrere
1042 2276 1175 2355 poteritis
1200 2278 1375 2348 rectissime,

423 2371 593 2450 (dicendum
606 2372 684 2431 enim
698 2370 835 2449 estquod
853 2391 892 2429 ex
909 2371 1101 2449 presentibus
1112 2372 1297 2432 utilissimum
1309 2396 1375 2435 esse

422 2455 554 2544 censeo)
563 2468 687 2546 sineque
698 2486 802 2547 pacem
807 2466 912 2525 ematis
919 2486 957 2525 ea
963 2465 1164 2526 conditionum
1171 2467 1375 2553 vilitate,quae

417 2567 489 2642 jura
510 2562 610 2622 liberae
633 2562 764 2622 civitatis
780 2564 905 2632 minuat,
925 2556 1020 2639 neque
1040 2572 1151 2622 rosbes
1169 2566 1376 2626 tantummodo

425 2659 500 2719 vires
527 2657 598 2718 belli
620 2666 681 2717 tam
707 2656 834 2717 difficilis
855 2656 1011 2715 terroribus
1031 2659 1198 2736 opponatis.
1239 2659 1328 2741 Saepe
1355 2683 1377 2723 a

260 2774 366 2839 Appias.
427 2754 586 2834 majoribus
598 2753 749 2833 copiamm
761 2761 920 2811 nostrarum
939 2752 1093 2831 imperium
1109 2756 1237 2815 externis
1247 2755 1377 2817 ducibus

426 2851 611 2911 commissum
636 2856 691 2909 est.
733 2847 960 2918 Archidamum,
987 2846 1123 2926 Agesilai
1148 2847 1253 2921 lilium,
1271 2862 1376 2931 postea

261 2954 415 3018 saecular.
427 2946 635 3027 Cleonymum,
653 2964 723 3003 mox
747 2942 959 3022 Agathoclem,
973 2941 1181 3023 Peloponneso
1203 2956 1255 3005 aut
1268 2947 1377 3009 Sicilia

260 3032 285 3081 p.
297 3022 355 3069 ²8⁰.

288 3149 340 3199 [ἰν.
357 3168 394 3199 vrr

265 3217 307 3265 24.

266 3716 288 3753 1.

425 3044 622 3103 evocavimus.
665 3039 813 3099 Memoria
846 3048 954 3110 nostra,
981 3058 1048 3097 curn
1074 3039 1261 3101 finitimorum
1286 3046 1376 3105 armis

397 3140 640 3207 uinlestaremur,
653 3134 862 3194 Alexandrum
884 3134 1058 3213 Epirensem
1071 3145 1168 3215 patres
1186 3140 1275 3197 nostri
1295 3143 1376 3200 aeci.

427 3244 540 3294 verunt.
582 3232 630 3291 Eo
650 3229 773 3289 consilio
791 3250 851 3289 non
870 3228 964 3289 solum
985 3231 1040 3311 ipsi
1055 3232 1218 3292 commodis
1229 3237 1316 3295 rebus
1330 3240 1376 3297 usi

425 3327 569 3398 suntsed
590 3326 679 3385 etiam
700 3326 785 3383 nobis
807 3324 944 3385 florentes
964 3325 1152 3405 reliquerunt.
1194 3327 1251 3389 Est
1270 3332 1376 3393 eadam
1441 3315 1444 3330 Ι

425 3423 512 3485 hodie
529 3424 603 3482 inter
620 3442 673 3482 nos
687 3429 718 3479 et
732 3420 870 3501 Epirotas
887 3422 1033 3482 amicitia:
1055 3442 1150 3503 neque
1163 3423 1207 3483 illi
1219 3426 1308 3487 hodie
1320 3450 1376 3489 ex.

425 3517 867 3579 ercituacduccminusvalent.
903 3516 1376 3585 Etrecensbeneficiumncstrum

281 3638 385 3687 pm,
398 3638 415 3685 ι,
425 3615 562 3697 Pyrrhus
573 3615 674 3684 babet,
684 3634 773 3692 quern
782 3613 956 3693 Corcyraeos
963 3625 1181 3693 oppugnantem
1183 3618 1270 3694 justa
1280 3620 1376 3683 classe

420 3711 562 3791 juvimus.
605 3710 685 3789 Ergo
699 3730 757 3769 non
772 3729 867 3769 meum
881 3710 1020 3781 hoc,sed,
1029 3712 1079 3790 qui
1092 3722 1161 3771 ante
1174 3733 1227 3773 nos
1238 3720 1376 3797 rempub·

425 3808 514 3870 licam
526 3808 603 3867 banc
612 3806 780 3867 felicissime
788 3815 936 3875 rexerunt,
944 3806 1093 3866 bominum
1101 3809 1377 3889 sapientissimorum

425 3904 580 3965 consilium
595 3923 657 3964 esse
678 3902 894 3962 existimatote:
916 3901 996 3982 quod
1006 3903 1055 3963 rel
1068 3902 1137 3988 ideo
1151 3906 1234 3986 sequi
1250 3908 1377 3980 debetis,

428 4000 498 4079 quia
519 4000 662 4079 inpriore
682 3997 820 4080 exemplo
840 3998 926 4077 quasi
946 4006 1041 4061 totam
1060 4001 1125 4079 ejus
1143 4003 1289 4063 rationem
1309 4026 1376 4066 cunr

428 4104 535 4157 eventu
543 4096 611 4175 ¹ipso
623 4094 785 4175 perspicere
798 4094 928 4176 potestis.
