2917 4767
273 327 362 397 1738
727 342 762 390 u.
787 341 884 392 mvn

275 493 366 567 sunt,
381 489 441 572 qui
454 485 562 553 biduo
576 487 635 552 vix
648 485 761 552 locum
781 491 851 552 rate
863 485 1040 569 jungendo
1057 485 1189 552 flumini
1204 484 1372 552 iuventam

275 591 428 671 tradunt3
450 609 492 654 ea
513 609 590 655 com
613 587 759 671 Magone
786 589 915 672 equites
938 587 1167 671 Hispanorum
1192 590 1372 671 expeditos

274 693 479 777 praemissos.
522 692 612 755 Dum
636 688 824 766 Hannibal,
851 690 977 755 circa¹³
1002 689 1126 756 flumen
1152 691 1373 772 legationibus

274 793 453 860 Gallorum
475 790 649 857 audiendis
668 794 829 867 moratus,
844 789 971 873 trajicit
989 791 1124 872 gravius
1145 790 1303 873 peditum
1323 810 1374 872 ag·

272 915 361 971 meu,
386 893 518 958 interim
544 890 648 973 Mago
673 891 872 974 equitesque
896 890 940 954 ab
965 893 1105 956 transitu
1129 890 1288 955 fluminis
1315 892 1373 956 diei

274 994 376 1059 unius
394 993 513 1058 itinere
528 989 738 1055 Placentiam
754 991 798 1054 ad
813 989 929 1055 hostes
945 992 1160 1056 contendunt.
1210 991 1373 1058 Hannibal

274 1095 396 1180 paucis
411 1100 492 1178 post
505 1093 623 1157 diebus
637 1109 702 1156 sex
718 1091 825 1156 millia
838 1111 860 1156 a
875 1091 1051 1158 Placentia
1065 1100 1179 1158 castra
1194 1096 1374 1158 commuui-

274 1198 334 1276 uit,
345 1201 381 1262 et
395 1203 535 1280 postero
555 1193 624 1270 die,
639 1192 675 1258 iu
697 1195 887 1275 conspectu
906 1192 1049 1258 bostium
1067 1194 1140 1258 acie
1159 1193 1306 1270 directa,
1320 1213 1373 1276 po·

274 1305 433 1365 testatam
448 1315 569 1379 pugnas
582 1295 674 1360 fecit.

315 1398 371 1464 48.
396 1396 592 1479 Insequenti
606 1401 704 1460 nocte
718 1395 834 1460 caedes
849 1395 885 1460 in
901 1397 1020 1462 castris
1039 1395 1220 1476 Romanis,
1238 1398 1372 1462 tumultu

272 1505 384 1566 tamen
398 1517 499 1582 qnam
511 1516 547 1561 re
563 1497 679 1581 major,
693 1497 737 1560 ab
753 1497 978 1561 auxiliaribus
993 1497 1102 1564 Gallis
1115 1497 1213 1564 lacta
1228 1507 1293 1564 est.
1324 1499 1372 1562 aa

272 1601 339 1668 duo
354 1600 461 1664 millia
483 1599 630 1681 peditum
654 1605 691 1662 et
713 1597 852 1663 (lucenti
867 1599 1013 1682 equitas,
1030 1599 1190 1681 vigilibus
1206 1601 1253 1664 ad
1269 1607 1371 1684 portas

273 1701 464 1776 tmcidatis,
479 1699 524 1764 ad
540 1697 773 1763 Hannibalem
788 1698 1033 1782 transfugiunt:
1056 1718 1143 1784 quos
1163 1701 1299 1766 Poenus
1321 1703 1372 1764 be·

271 1805 370 1886 nique
393 1803 576 1877 allocutus,
592 1807 629 1865 et
649 1819 714 1885 spe
738 1801 925 1883 ingentium
955 1800 1118 1867 donorum
1142 1821 1319 1881 accensos,
1341 1803 1370 1866 iu

272 1905 430 1970 civitates
443 1920 612 1986 quemque
627 1919 718 1976 suas,
729 1901 774 1966 ad
786 1901 1006 1967 solicitandos
1016 1903 1235 1985 popularium
1249 1903 1370 1968 animos

271 2004 411 2068 dimisit.
454 2001 585 2084 Scipio,
600 1999 731 2066 endem
755 2019 830 2066 eam
852 2001 981 2082 siguum
1005 2002 1207 2067 deiectionis
1232 2002 1368 2068 omnium

271 2104 448 2169 Gallomm
461 2121 536 2166 esse
549 2108 656 2180 ratus,
671 2106 916 2184 contactosque
931 2120 973 2165 eo
990 2101 1129 2178 scelere,
1145 2103 1239 2168 velut
1254 2103 1370 2186 injecta

271 2205 375 2278 rabie,
390 2205 435 2268 ad
449 2221 542 2268 arma
556 2204 673 2281 ituros,
686 2221 880 2286 quanquam
889 2203 999 2283 gravis
1015 2201 1126 2267 adbuc
1139 2203 1283 2269 vulnere
1296 2208 1369 2277 erat,

272 2312 385 2369 tamen
401 2309 518 2388 quarta
530 2301 648 2382 vigilia
670 2302 785 2367 noctis
801 2301 1011 2386 insequentis
1026 2303 1133 2369 tacito
1149 2307 1285 2386 agmine
1300 2323 1368 2387 pro·

231 2402 236 2410 ’
270 2403 381 2468 lectus
396 2403 441 2468 ad
455 2398 631 2467 Trebiam¹
646 2403 796 2481 fluvium,
817 2404 851 2468 iu
866 2404 944 2468 loca
959 2403 1081 2471 altiora
1094 2405 1258 2490 lucosque
1268 2413 1296 2454 ¹⁴
1314 2405 1368 2468 im·

270 2505 453 2589 penitiores
467 2504 573 2587 equiti
588 2509 700 2570 castra
714 2511 841 2572 movet.
887 2503 1015 2584 Minus,
1026 2525 1127 2592 qaam
1141 2505 1186 2574 ad
1201 2507 1366 2580 Ticinum,

270 2606 428 2671 salebim*
465 2607 645 2690 missisque
674 2605 848 2673 Hannibal
877 2608 1017 2692 primum
1048 2607 1220 2682 Numidis,
1253 2607 1366 2672 deiude

271 2708 362 2774 omni
389 2709 554 2792 equitatu,
587 2709 753 2773 turbasset
782 2707 899 2791 utique
928 2709 1150 2774 novissimum
1179 2707 1367 2791 agmeu,ui

270 2807 433 2900 aviditate
448 2809 572 2894 praedae
588 2811 623 2873 iu
646 2827 757 2875 vacua
782 2806 939 2873 Romana
954 2813 1068 2873 castra
1083 2808 1247 2872 Numidae
1262 2807 1364 2872 deuer-

270 2910 426 2974 tisseut.¹³
471 2909 526 2972 lbi
550 2909 641 2984 dum,
663 2913 912 2990 perscrutantes
937 2909 1015 2974 loca
1036 2908 1149 2971 omnia
1177 2914 1365 2982 castrorum,

269 3008 361 3075 nullo
376 3007 459 3071 satis
468 3005 569 3088 digno
580 3023 684 3069 morae
697 3005 807 3088 prelio
822 3010 956 3090 tempus
968 3008 1088 3084 terunt,
1102 3007 1252 3074 emissus
1265 3007 1364 3073 bostis

270 3109 313 3175 de
328 3108 484 3173 manibus
497 3113 569 3174 esta
591 3114 720 3171 etcum
738 3104 813 3189 jam
831 3112 1060 3188 transgressos
1073 3109 1232 3174 Trebiam
1248 3110 1365 3176 Roma·

269 3230 331 3277 nos
345 3216 574 3295 metantesque
594 3213 707 3274 castra
727 3207 999 3292 conspexissent,
1014 3227 1146 3292 paucos
1168 3217 1362 3276 moratomm

269 3370 452 3489 mmm
461 3374 579 3423 mene
590 3372 719 3424 muttit
730 3371 900 3431 Hannibalern,
910 3369 1361 3436 quemadmmmrutetn

730 3515 912 3538 mut

270 3625 399 3675 rien-1⁸
419 3625 490 3674 Citra
500 3627 620 3690 Magoni.
633 3626 711 3675 Frob.
721 3627 843 3679 Francos.
854 3629 933 3680 Grut.
944 3629 1058 3679 Gronov.
1068 3630 1187 3681 Crevier.
1200 3631 1242 3680 all.

304 3693 334 3738 1⁴
351 3688 396 3739 lta
410 3690 437 3739 in
454 3690 506 3739 Ma.
518 3690 588 3739 Gud.
600 3689 627 3738 in
645 3690 750 3768 reliquis
766 3693 883 3756 lucarque,
895 3701 922 3742 et
937 3693 963 3742 iu
976 3693 1106 3758 plerisque
1119 3695 1188 3744 uda.
1203 3696 1319 3754 eloqu,
1329 3697 1356 3734 οἱ

270 3753 474 3806 emanatione.
505 3753 636 3804 Strotblcs
649 3769 720 3820 conj.
736 3757 929 3822 nitarque-le
946 3759 1109 3809 Diuertlsoert
1125 3759 1194 3810 Edd.
1204 3769 1290 3810 omues
1305 3760 1356 3802 ¹³1⁶

763 3903 875 3956 NOTAE

313 4013 364 4063 'Aa
380 3971 501 4076 metam]
518 4013 623 4064 Fluvios
636 4013 731 4064 'l'rebia
750 4030 795 4066 no·
837 4015 907 4066 Hule
917 4015 980 4066 nillil
990 4029 1126 4066 commuue
1134 4030 1193 4068 cam
1201 4013 1294 4066 Trebia
1302 4009 1354 4060 Um·

270 4099 329 4137 meu
345 4088 428 4137 adbuc
447 4088 555 4152 retinet,
566 4091 675 4154 vulgolu
688 4091 796 4148 Hebbiu,
835 4091 900 4142 brie
927 4091 1024 4158 oppido
1046 4091 1079 4144 ati
1102 4091 1267 4154 Clitumnum,
1288 4087 1354 4148 vulgo

270 4159 303 4212 ad
320 4160 480 4213 Placentiam
499 4165 526 4214 lu
542 4165 643 4216 Padum
658 4163 798 4218 confluens·
838 4167 918 4218 lieri.
