2917 4767
373 390 477 440 uiuat
504 388 575 439 xx.
599 388 921 441 suerununnnuu.
1113 372 1200 441 1619
1228 391 1231 395 “

67 528 129 600 alii,
141 530 196 609 qui
211 550 272 610 per
288 530 461 593 Sardiniam
477 534 507 593 in
524 530 669 613 presidiis
682 541 778 602 mant,
792 530 948 591 Bostarem
961 528 1037 592 Pa-

64 646 168 686 corum
187 625 314 687 ducem
341 647 409 689 oum
430 630 490 688 suis
515 627 705 687 interfecere:
736 626 917 688 Hannonem
944 627 1037 687 sliam

63 720 169 780 ducem
192 722 236 783 ad
250 718 474 785 vindicandum
492 722 607 783 facinus
620 720 801 802 Carthagine
820 724 950 793 miserim,
971 742 1036 802 per-

64 826 160 877 tracto
173 816 206 876 in
220 820 407 879 societatem
425 818 595 879 rebellionis
606 820 740 879 exercitu
752 822 829 898 ejus,
843 818 1035 899 comprehen-

66 930 129 969 sum
153 914 186 970 in
200 932 335 973 crucem
349 933 452 993 egere:
473 922 596 993 totaque
608 916 716 994 panim
730 914 828 973 insula
843 913 954 973 Punici
967 932 1034 973 san·

65 1008 161 1083 guinis
172 1007 361 1069 hominibus
374 1011 535 1069 interemtis
548 1010 604 1090 ipsi
618 1012 732 1069 munita
743 1009 812 1069 ioca
823 1010 1033 1069 obtinuerunt:

64 1102 170 1172 donec,
180 1102 350 1164 discordia
363 1106 440 1165 inter
452 1106 530 1185 ipsos
542 1113 573 1165 et
586 1104 696 1165 Sardos
708 1113 784 1175 orte,
793 1104 871 1185 puisi
883 1105 923 1164 ab
934 1105 991 1175 his,
1004 1106 1035 1165 iu

67 1196 188 1257 Italiam
201 1218 239 1258 se
260 1220 414 1280 recepere.
455 1200 531 1259 Tum
552 1201 640 1279 igitur
662 1200 857 1281 perfecerunt,
874 1200 955 1279 quod
979 1200 1033 1259 ali·
1046 1222 1197 1289 Ροιγως,

65 1302 177 1371 quanto
191 1295 298 1374 prius,
312 1314 380 1355 cum
393 1295 490 1357 adhue
502 1297 533 1355 in
547 1294 685 1356 Sardinia
697 1306 806 1367 essent,
821 1297 1032 1376 nequiverant:

68 1406 135 1447 nam
147 1408 185 1448 eo
206 1409 341 1469 quoque
361 1383 492 1471 tempore
513 1390 669 1451 Romam
689 1391 728 1451 ad
749 1390 851 1451 insuit
870 1390 1033 1455 domimum

66 1484 287 1564 occupandum
301 1486 504 1547 inritaverant.
547 1484 609 1545 Sed
623 1496 790 1567 proeoentes,
806 1488 869 1547 sire
885 1489 1033 1568 precihus,

70 1578 127 1637 sire
139 1580 311 1641 occasione
324 1580 473 1640 emendi
492 1581 622 1660 apertius
635 1580 845 1653 demonstrata,
858 1591 892 1642 ut
910 1583 940 1642 in
963 1582 1033 1643 Sar·
1045 1599 1194 1666 Polyanss.

69 1671 180 1733 diuisui
194 1677 359 1754 navigatio
371 1677 575 1755 susciperetur,
589 1677 753 1738 obtinuere.
794 1676 830 1737 N
830 1698 865 1738 ec
877 1678 956 1737 enim
968 1679 1035 1738 vui-

72 1778 145 1845 μω
155 1771 289 1831 virtutis
300 1780 357 1841 est,
379 1771 524 1831 abstinere
538 1771 626 1831 rebus
645 1771 758 1843 alienis,
778 1792 902 1851 quarum
917 1782 1034 1853 promta

71 1863 106 1922 sit
117 1868 272 1943 possfflio
286 1886 294 1925 t
316 1886 411 1947 neque
432 1867 481 1926 hic
494 1866 607 1925 minus
620 1866 700 1946 apud
715 1867 838 1946 cupidos
850 1878 882 1928 et
893 1869 1031 1929 ambitio·
1164 1855 1168 1864 ’

74 1971 183 2023 susaut
196 1964 294 2034 bene,
318 1972 372 2023 aut
385 1962 436 2023 diu
457 1962 621 2024 simulatur.
663 1961 724 2022 Sed
747 1962 811 2022 haec
832 1962 923 2043 paulo
945 1982 1034 2045 supra

74 2060 161 2139 repeti
174 2078 240 2121 non
255 2059 386 2119 alienum
399 2058 527 2119 ridetur.
584 2048 588 2055 ’

113 2160 141 2213 b.
150 2152 243 2214 Nam
253 2154 401 2225 Romani,
408 2163 442 2214 ut
455 2153 645 2213 humanitatis
652 2150 770 2212 laudem
777 2161 1030 2232 consequerentur,
1043 2156 1127 2209 Zone.

78 2247 113 2307 sb
125 2249 213 2309 initio
228 2249 305 2309 belii
327 2249 411 2309 istius
429 2268 536 2327 magno
549 2249 647 2307 auimo
661 2247 946 2325 Carthaginiensium
959 2268 1030 2309 cau-
1043 2254 1194 2322 Polybi-tt·

79 2360 140 2401 sam
159 2342 312 2406 foverant.
354 2345 397 2404 Et
416 2345 517 2424 copias
534 2341 654 2423 quidem
677 2342 845 2413 auxiliares,
858 2345 903 2402 uti
918 2346 1028 2424 petive-
1041 2350 1195 2464 effiag-

80 2438 262 2513 rantPoeni,
285 2438 383 2499 nullas
397 2440 519 2499 misere:
548 2436 601 2497 sed
625 2456 719 2517 neque
743 2436 913 2508 Uticenses,
933 2430 1191 2544 ¹¹⁰‘l'¹⁰¹ippnn.np.

80 2552 248 2614 quenquam
260 2534 299 2595 ad
311 2555 343 2595 se
356 2532 557 2594 deficientium
564 2540 755 2612 receperunt:
776 2542 951 2593 mercatores
962 2554 1031 2595 suos
1041 2542 1194 2593 Fur-Ursis·

81 2647 116 2687 ει
129 2628 225 2691 reus
236 2640 270 2692 et
282 2630 387 2691 serua
399 2649 446 2689 m
458 2627 637 2687 ammas
654 2627 693 2687 su
707 2627 968 2705 emungebant.
978 2629 1031 2690 ne·
1042 2608 1132 2735 {333

81 2723 151 2785 ierre
160 2730 333 2806 jusserunt:
354 2744 421 2785 enm
436 2724 569 2784 hostibus
581 2721 831 2801 Carthaginiensis
842 2721 1031 2803 populicum·
1043 2734 1149 2800 Αρρὶιιι.

86 2823 220 2883 mercium
235 2830 410 2883 vetuerunt:
431 2818 534 2880 militis
546 2834 584 2878 ex
606 2817 700 2877 Italia
717 2818 747 2876 in
761 2817 838 2877 istud
849 2817 955 2878 saltem
967 2817 1032 2878 bei-

87 2914 140 2976 ium
159 2918 367 2980 conscribendi
380 2916 513 2977 fecerunt
532 2922 727 2995 potestatem:
749 2913 843 2972 mistis
854 2913 924 2992 quin
941 2914 1031 2973 etiam

86 3010 183 3091 legatis
195 3013 312 3075 bellum
332 3030 518 3091 componere,
538 3027 706 3089 quanquam
728 3008 809 3067 irrito
828 3016 948 3079 conatu,
969 3018 1030 3068 stu·
1042 3028 1127 3077 Zona.

86 3106 215 3171 (luerunt.
258 3108 303 3169 Et
320 3106 468 3168 inciderat
488 3104 608 3185 quidem
629 3104 719 3185 paulo
739 3112 808 3163 ante
820 3104 1029 3176 conburersia,
1041 3092 1128 3158 Polyb.
1176 3171 1180 3178 ,

88 3206 158 3283 quud
170 3207 308 3267 homines
320 3203 445 3265 Italicos
457 3202 553 3262 fortun
571 3220 667 3260 rerum
680 3198 832 3260 venalium
852 3199 892 3259 ad
914 3199 1029 3259 hostem

88 3297 271 3381 deportantes
282 3300 442 3382 capiebant
453 3297 553 3367 Poeni,
567 3294 925 3376 carceribusquepubiicis
937 3295 1031 3355 iuclu·

88 3394 198 3459 debant.
241 3386 370 3476 Jamque
383 3394 423 3457 ad
435 3396 611 3475 quingentos
627 3395 692 3472 ejus
704 3392 820 3471 generis
836 3391 987 3453 habehant
999 3394 1029 3452 in

16 3491 18 3510 ⁸
88 3490 223 3563 vinculis3
245 3512 340 3572 neque
353 3492 441 3572 pauci
461 3488 748 3559 dicebanturoecisi,
769 3486 852 3547 etad
871 3487 1028 3567 tegendam
1056 3500 1163 3567 Appias.

90 3584 227 3650 latrocinii
239 3588 349 3648 famam
369 3586 399 3646 in
417 3604 497 3645 niara
510 3584 686 3666 precipitati
701 3604 782 3654 sm
803 3603 871 3643 eum
883 3582 1026 3657 Musam,
1039 3566 1124 3681 {ff
1139 3575 1165 3616 θ’

89 3700 141 3745 rem
152 3704 221 3746 eam
234 3684 360 3762 graviter
370 3681 506 3751 ferenes,
522 3678 592 3740 belli
606 3681 700 3739 minas
711 3688 857 3740 ostemare
869 3687 1027 3759 ceperunt.
1055 3694 1190 3761 Polyt.m.

89 3776 140 3841 Sed
150 3780 242 3842 Poeni
251 3778 357 3858 legatis
368 3777 472 3847 misam,
486 3776 537 3855 qui
549 3794 659 3845 omnes,
673 3782 818 3854 quotquot
830 3773 942 3834 detenti
952 3773 1026 3833 Car-
1039 3760 1080 3810 ¹⁸·

88 3874 198 3956 thagine
215 3875 344 3945 fuerant,
364 3872 537 3934 reducerent
558 3871 809 3949 restituerentque,
831 3868 906 3927 adeo
925 3868 1026 3948 placa·

89 3982 145 4033 nrt
163 3970 308 4053 populum
335 3968 518 4038 Romanum,
540 3976 574 4025 ut
594 3965 699 4045 reliqui
719 3984 759 4025 ex
779 3960 926 4023 Siciliensi
948 3960 1026 4022 bello
1038 3982 1123 4035 zm,

88 4069 188 4149 captivi
201 4066 313 4128 Punici
325 4084 426 4125 omnes
435 4064 497 4123 sine
510 4061 604 4143 pretio
617 4062 845 4122 restituerentur.

120 4171 147 4225 u.
175 4162 235 4225 Sed
261 4170 408 4245 postremo
433 4159 504 4221 vicit
529 4157 662 4231 ambitio,
689 4153 899 4237 premendique
924 4150 1026 4235 populi
