2917 4767
400 334 502 385 crant
527 332 612 387 xrx.
633 333 956 386 surenaunnruu.
1143 320 1230 401 loca

142 478 192 535 ὅθ.
214 472 300 533 Tum
315 494 391 540 vero
404 476 536 537 Romani
550 496 644 539 mores
655 477 801 539 laboranti
810 477 980 557 reipublice
991 486 1065 541 tem·

107 570 220 651 pestiro
234 571 363 631 auxilio
374 574 544 631 subvenere.
588 572 709 653 Quippe
729 582 813 633 tauta
827 572 888 632 luit
901 583 1067 633 senatorum

105 686 139 724 eo
151 676 288 745 tempore
309 669 506 745 generositas,
521 677 553 728 ut
575 670 605 727 in
626 668 745 749 publico
765 668 930 728 discrimine
947 670 1068 749 privatis

107 761 211 841 opibus
224 763 363 841 puderet
384 784 514 843 parcere,
529 764 653 845 plusque
666 766 765 823 statim
778 766 911 844 pecuniae
930 766 1068 845 reperire·

106 866 160 926 tur,
174 877 268 937 quam
285 858 332 917 ad
347 860 509 939 impensam
528 860 630 919 classis
643 881 716 941 opus
728 870 822 919 esset:
846 880 915 919 narn
932 880 972 919 ex
984 860 1066 921 ditis-

107 952 185 1011 simis
205 954 340 1032 singuli,
363 955 487 1015 aliorum
507 956 570 1015 bini
593 956 715 1026 terniue,
739 964 773 1017 ut
793 954 951 1015 facultates
972 966 1066 1028 eraut,

106 1048 356 1127 quinqueremem
370 1070 457 1109 unam
478 1070 545 1109 cnm
569 1053 757 1111 mmanrentis
777 1052 912 1109 omnibus
926 1052 1068 1130 justoque

106 1143 225 1221 remigio
248 1145 457 1223 praestandam
477 1147 686 1224 suscipiebant,
705 1165 743 1205 ea
761 1145 837 1223 lege,
855 1154 898 1214 ut,
918 1145 1069 1225 republica

108 1238 261 1298 meliorem
277 1241 312 1299 in
328 1250 439 1299 statum
458 1260 582 1309 reversa,
596 1262 649 1300 sua
669 1242 776 1320 cuique
789 1240 914 1321 pecunia
933 1240 1068 1311 restitue·

109 1342 193 1393 retur.
239 1334 324 1395 Hac
337 1356 408 1395 curo
416 1337 596 1416 consilioque
610 1338 832 1415 quinqueremes
839 1336 974 1409 ducentae
986 1356 1068 1397 corn-
1175 1372 1181 1381 -

111 1438 218 1507 parate
240 1440 331 1501 sunt,
344 1452 419 1512 quas
438 1431 476 1491 ad
497 1432 666 1511 exemplum
690 1433 773 1491 navis
797 1452 864 1511 quae
886 1431 1069 1493 Hannibalis

112 1522 227 1582 Rhodii
239 1525 346 1587 fuerat
366 1526 554 1593 fabricandos
567 1536 753 1587 curaverunt.
796 1526 911 1604 Magna
928 1527 995 1587 inde
1015 1548 1068 1588 ex-

111 1621 241 1699 pectatio
255 1621 330 1693 fuit,
341 1623 427 1681 certis
440 1623 591 1681 bominum
606 1623 721 1693 animis,
736 1621 817 1701 quod
831 1621 869 1681 ed
880 1631 1012 1682 encoma
1024 1644 1069 1682 re·

112 1713 207 1775 media
220 1726 353 1777 rentum
366 1727 454 1787 emet,
468 1718 526 1776 bac
539 1716 633 1777 classe
646 1716 683 1777 de
697 1738 811 1777 summa
823 1715 897 1776 belli
909 1718 1071 1777 necessario

113 1808 266 1871 decretum
283 1814 330 1872 iri.

151 1911 200 1965 to.
225 1908 315 1967 Dum
329 1909 393 1967 baec
407 1910 450 1968 ita
463 1908 549 1979 fiunt,
570 1909 755 1969 consulatum
773 1909 811 1968 C.
831 1909 969 1968 Lutatius
981 1907 1019 1969 0.
1034 1908 1069 1967 F.

118 1998 152 2057 C.
164 1998 210 2061 N.
224 2002 370 2073 Catulus,
385 2004 428 2062 A.
444 2004 618 2065 Postumius
631 2003 675 2069 A.
692 2004 728 2065 F.
744 2003 780 2062 L.
798 2002 843 2063 N.
858 2002 1000 2075 Albinus,
1015 2005 1070 2063 ini-

115 2094 206 2155 vere!
250 2098 434 2159 Flaminium
449 2098 589 2159 Martiale
604 2098 647 2157 A.
663 2099 839 2159 Postumius
851 2100 999 2159 babebat:
1020 2120 1070 2159 co-
1099 2106 1228 2173 livAEpit.

118 2209 173 2267 que
200 2194 386 2271 provinciam
408 2195 503 2253 sortiri
523 2196 691 2275 cupientem
713 2196 749 2255 L.
769 2194 910 2254 Caecilius
930 2193 1072 2253 Metellus
1083 2188 1149 2286 ’,ἷζε
1169 2252 1203 2284 m

119 2286 253 2366 pontifex
268 2290 415 2349 maximus
427 2290 508 2349 dicta
521 2290 631 2351 mulcta
643 2292 803 2371 probibuit,
822 2310 933 2369 negans
952 2289 997 2350 fas
1009 2311 1071 2351 esso
1082 2270 1214 2351 trustis

121 2371 229 2441 flamini
245 2405 265 2443 a
279 2385 369 2443 sacris
381 2384 535 2445 recedere:
556 2388 641 2462 cujus
655 2386 725 2445 facti
739 2388 947 2466 posterioribus
955 2405 1071 2465 quoque
1085 2365 1236 2481 'Enim‘

122 2480 303 2555 temporibus
315 2481 440 2560 probata
453 2482 529 2539 ratio
545 2490 599 2542 est.
642 2480 737 2541 Aliud
760 2483 789 2541 in
810 2482 920 2541 menda
931 2480 1072 2559 religione
1100 2508 1225 2559 cmm,

125 2572 216 2647 putria
228 2575 401 2654 exemplum
422 2574 524 2635 iisdem
537 2578 717 2656 temporibus
729 2587 848 2636 senatus
862 2576 967 2647 edidit,
980 2577 1073 2647 vetito
1084 2588 1124 2620 ¹¹·
1134 2578 1159 2623 Β·

125 2662 160 2732 G·
174 2667 297 2731 Lutatio
309 2671 430 2731 consule
445 2671 646 2731 Praenestinas
661 2681 753 2731 sortes
767 2658 931 2741 consulere,
945 2672 1072 2751 peregri·
1085 2636 1234 2753 ,vslffu'

128 2760 203 2823 nisse
216 2766 357 2845 auspiciis
377 2767 407 2825 in
424 2765 656 2827 administranda
678 2766 831 2846 republica
850 2766 902 2824 uti.
943 2764 1021 2825 Tum
1034 2766 1073 2825 ud

127 2854 194 2917 belli
209 2882 312 2920 curam
332 2862 477 2922 conversis
490 2862 606 2931 animis,
628 2863 700 2941 qnia
716 2882 809 2940 neque
824 2860 913 2920 salvis
925 2860 1073 2939 religioni·
1168 2852 1173 2865 ’

129 2951 179 3012 bus
189 2958 279 3019 ambo
292 2956 426 3016 consules
440 2956 584 3037 proficisci
598 2978 693 3037 posse,
708 2977 803 3037 neque
817 2977 889 3015 unus
902 2964 985 3014 tento
992 2957 1074 3015 oneri

127 3048 298 3117 allecturus
323 3052 490 3122 videbatur,
518 3052 643 3113 alterum
668 3074 706 3113 err
733 3053 915 3134 praetoribus,
941 3071 1007 3110 cnm
1037 3072 1073 3111 eo
1101 3055 1155 3108 Liv.
1171 3055 1237 3122 Epir.

129 3145 250 3221 primum
267 3168 345 3207 anno
365 3150 458 3207 creari
473 3148 532 3209 duo
553 3150 719 3229 cepissent,
734 3169 801 3207 cum
821 3147 859 3206 C.
873 3147 993 3206 Lutatio
1007 3168 1073 3227 pro·
1085 3134 1146 3168 ¹¹¹·

128 3234 215 3302 ficisci
231 3242 360 3323 placuit:
383 3264 419 3303 ea
433 3244 583 3322 provincia
598 3246 638 3311 Q.
658 3244 783 3304 Valerio
804 3242 923 3302 Faltoni
941 3243 1073 3303 obvenit.
1085 3246 1171 3313 Zoara

131 3330 174 3394 Hi
186 3358 253 3397 cum
266 3359 368 3398 omnes
379 3349 410 3399 et
428 3338 572 3419 publicas,
593 3349 624 3399 et
646 3342 826 3421 privatorum
844 3359 934 3398 naves
945 3337 1074 3398 studiose

129 3430 324 3513 collegissent,
350 3454 469 3495 numero
490 3435 605 3495 circiter
628 3444 822 3495 trecentarum
848 3433 980 3514 expleto,
1006 3454 1073 3495 cum
1086 3438 1228 3516 Erratis.

131 3530 304 3603 pontonibus
317 3530 442 3609 aliisque
460 3532 586 3609 navigiis
605 3532 807 3613 septingentis,
829 3530 963 3591 Siciliam
975 3532 1073 3593 statim
1085 3502 1238 3619 ιᾞξω

132 3628 214 3702 atque
227 3625 339 3683 remisit
350 3626 453 3706 hyems
464 3628 602 3707 petivere.
1086 3632 1238 3698 Polybnsa.

167 3724 215 3778 54.
238 3719 434 3781 Venientibus
453 3722 603 3783 confestim
623 3722 827 3803 Lilybaetanus
841 3721 1074 3803 Drepanitanus-

131 3828 181 3887 que
206 3824 308 3895 portus
334 3826 509 3896 patuerunt:
540 3820 649 3898 quippe
676 3818 774 3879 hostes
799 3818 883 3877 nulla
910 3816 1074 3895 suspicione

131 3905 226 3973 classis
247 3930 287 3971 ex
310 3908 403 3972 Italia
424 3924 554 3974 venturae
575 3934 642 3973 curn
664 3914 799 3973 omnibus
818 3915 878 3972 suis
899 3911 1024 3971 navibus
1044 3910 1075 3968 in

132 3999 262 4066 Africam
277 4010 397 4086 regressi
409 4008 532 4070 fuerant.
576 4008 648 4071 Hoc
661 4022 722 4069 tam
736 4028 873 4089 prospero
885 4025 979 4067 rerum
993 4004 1076 4065 initio

492 4176 504 4211 l
521 4178 554 4230 A.
567 4178 599 4229 U.
611 4178 711 4231 (3.510.
726 4178 761 4229 Α.
772 4177 803 4230 c.
814 4180 873 4231 242.

190 4268 281 4334 Detpl.
292 4276 315 4321 st
330 4272 387 4326 Vsr.
398 4274 463 4327 clus.
639 4278 732 4329 Liuius.
