2917 4767
261 333 348 410 1880
736 345 771 392 r.
789 345 886 396 crvrr

261 499 329 560 tres
344 487 538 572 conscripti,
554 505 687 566 censeo,
697 505 799 571 quoru
814 487 891 554 ilios
902 485 1074 551 dedendos
1088 483 1306 562 Hannibali,
1317 489 1364 566 qui

261 613 323 678 per
351 590 481 656 medios
507 591 621 658 bostes
646 609 666 654 e
690 591 811 655 castris
835 596 1030 672 eruperunt,
1053 608 1099 654 ac
1126 605 1365 672 personuere

264 695 415 760 virtutem
430 712 468 756 so
484 690 603 777 patriar
620 689 848 758 restituerunt?

304 796 359 860 61.
381 793 569 878 Postquam
584 791 736 857 Montius
750 791 849 868 dixit,
869 810 1061 878 quanquam
1075 792 1230 856 Petrum
1247 807 1368 872 quoque
1427 783 1430 867 't

262 894 444 980 pterosque
459 894 589 978 captivi
604 893 802 975 cognatione
813 893 1031 976 attingebant,
1043 899 1176 976 praeter
1185 892 1368 974 exemploru
1430 889 1431 908 ¹

263 996 411 1062 civitatis
426 995 559 1060 minime
574 996 608 1059 iu
622 994 783 1077 captivos
797 993 872 1077 jaro
887 994 967 1058 inde
980 995 1184 1078 antiquitus
1209 992 1369 1075 indulgeo
1431 1010 1433 1054 t

263 1099 320 1177 tis,
349 1098 503 1181 pecuniae
533 1115 664 1180 quoque
694 1115 827 1161 summa
852 1095 1002 1162 homines
1029 1098 1168 1162 morit:
1208 1096 1292 1178 quia
1315 1113 1368 1158 noc

263 1205 420 1272 tonarium
432 1209 446 1237 ¹²
459 1198 649 1276 exhaurire,
674 1216 797 1281 magua
811 1197 885 1282 jaus
900 1216 1033 1262 somme
1046 1203 1198 1280 erogata
1214 1196 1253 1259 in
1267 1214 1367 1259 servos

264 1304 307 1368 ad
325 1302 478 1366 militiam
493 1298 651 1364 emendos
663 1299 925 1383 armandosque,
941 1319 1003 1363 nec
1018 1298 1263 1365 Hannibalern
1277 1297 1367 1360 ruani-

263 1423 316 1468 me
340 1401 479 1486 hujusce
506 1399 565 1476 rei,
593 1407 630 1465 nt
654 1401 848 1488 sumserat,
873 1409 1046 1483 egentem!
1063 1400 1278 1482 locupletari
1293 1397 1367 1460 rote

263 1505 369 1568 banc·
403 1502 489 1568 Cum
514 1503 607 1567 triste
631 1521 839 1586 responsuro,
860 1507 954 1568 ‘nou
971 1502 1092 1566 redimi
1103 1499 1296 1585 captivos‚'
1309 1499 1367 1562 red·

263 1600 367 1670 ditur'n
381 1615 481 1680 essct,
494 1622 669 1688 novusque
681 1622 784 1687 super
798 1605 1074 1668 veteremiuctus
1095 1610 1150 1667 tot
1169 1602 1309 1687 jactura
1327 1600 1365 1662 ci·

214 1697 230 1706 ’
263 1707 354 1770 riom
384 1703 538 1788 adjectus
568 1710 670 1781 esset,
695 1723 772 1770 curn
804 1705 933 1788 magnis
958 1691 1092 1768 fletibus
1125 1704 1366 1789 questibusque

263 1807 397 1888 legatos
422 1805 466 1872 ad
495 1811 622 1889 portam
643 1807 824 1889 ,prosecuti
848 1813 939 1870 suot.
980 1805 1079 1871 Unus
1094 1826 1141 1870 ex
1167 1806 1216 1870 iis
1239 1804 1363 1869 domun

261 1909 354 1985 abiit,
367 1909 459 1994 quod
475 1908 589 1977 totiaci
604 1909 713 1976 reditu
730 1910 766 1973 in
781 1915 915 1973 castra¹
932 1907 1007 1992 jure
1021 1908 1173 1993 jurando
1197 1927 1241 1970 se
1263 1905 1364 1968 exsol-

264 2011 383 2076 visset.
427 2009 530 2088 Quor
559 2010 618 2075 ubi
641 2011 795 2087 innotuit,
820 2009 1032 2093 relatumque
1059 2009 1104 2074 ad
1127 2019 1286 2074 senatum
1308 2013 1361 2080 est,

265 2131 381 2178 omnes
396 2119 607 2190 censuerunt,
629 2110 974 2196 comprehendendum
998 2118 1032 2176 et
1057 2111 1267 2177 custodibus
1289 2108 1363 2191 pob-

265 2214 331 2278 lice
347 2214 437 2292 datis
453 2213 685 2280 deducendum
711 2214 756 2280 ad
781 2213 1013 2280 Hannibalern
1036 2233 1125 2278 esse.
1175 2214 1239 2278 Est
1252 2216 1286 2276 et
1304 2209 1362 2272 alia

264 2315 306 2380 de
318 2315 464 2398 captivis
480 2314 597 2392 sarua,t
611 2315 728 2380 decem
742 2317 870 2399 primos
886 2318 1043 2383 vonisse.¹
1077 2317 1132 2380 De
1146 2317 1203 2381 eis
1219 2333 1296 2379 coru
1311 2310 1363 2372 do⁴

264 2416 408 2482 bitatum
432 2417 466 2480 io
488 2423 605 2482 senatu
630 2425 735 2494 esset,
757 2417 1006 2484 admitterentur
1023 2420 1057 2482 in
1082 2419 1222 2492 Urbem,
1246 2429 1360 2488 necoo;

264 2517 313 2582 ita
329 2517 498 2582 admissos
514 2535 599 2595 esse,
615 2538 658 2582 ne
674 2519 844 2582 rameniis
859 2527 998 2584 senatus
1017 2520 1161 2584 daretur.
1208 2510 1361 2581 Moranti·

264 2618 329 2684 bus
346 2619 464 2684 deinde
478 2611 611 2701 lougius
621 2633 635 2659 ⁴
652 2604 799 2684 omnium
814 2639 889 2704 spe,
904 2621 991 2684 aiios
1006 2629 1071 2684 tros
1085 2605 1225 2703 insuper
1238 2619 1359 2696 legatos

263 2721 404 2796 venisse,
429 2721 468 2785 L.
484 2719 708 2799 Scribonium,
723 2729 759 2784 et
774 2719 814 2784 G.
830 2719 1064 2804 Calpurnium,
1078 2725 1113 2784 et
1129 2720 1170 2784 L.
1188 2716 1357 2784 Manlium.

264 2819 350 2887 'Pom
366 2819 500 2886 demum
515 2822 559 2888 ab
575 2827 717 2904 cognato
733 2820 901 2886 Scribonii
917 2821 1050 2886 tribuno
1061 2830 1087 2868 ¹⁵
1101 2820 1215 2906 plebis
1230 2813 1356 2882 decedi·

265 2923 396 2988 mendis
420 2923 567 3009 captivis
590 2923 733 2989 relatum
759 2941 847 3001 esse,
870 2941 934 2987 nec
957 2923 1130 2992 censuisse
1154 2916 1356 2989 redimendos

296 3079 310 3114 s
327 3071 486 3122 lobrensem
496 3072 600 3135 oemio
611 3072 700 3136 inopis.

297 3141 310 3168 ⁸
332 3135 427 3185 Venisse
437 3137 537 3186 Rem
544 3137 648 3201 prmus
658 3139 739 3186 decess
748 3137 841 3200 degum
850 3149 866 3188 s
876 3137 985 3201 moa.

297 3205 310 3231 ⁰
325 3199 380 3250 run
391 3202 563 3252 diuturniorem
574 3201 832 3252 memoratarum

761 3331 870 3385 Norffi

298 3427 577 3494 reassumam]
603 3427 796 3492 Potybextre·
835 3427 934 3477 reditas
954 3425 1086 3478 Romanas
1103 3421 1312 3488 edomandum
1327 3430 1352 3463 ὓ

265 3515 308 3552 rso
324 3503 368 3554 tib.
384 3517 422 3553 rr.
440 3517 491 3554 noo
508 3509 607 3554 tantum
625 3503 651 3553 id
669 3505 796 3556 Sennuru
835 3503 982 3554 habitururn
993 3503 1080 3554 ninus
1092 3503 1238 3553 obtinatus
1252 3495 1352 3550 confide*

265 3585 399 3641 spectasse
420 3577 511 3636 refert,
529 3586 559 3630 ot
574 3579 796 3631 arario'coussts·
836 3579 890 3628 ber.

265 3660 317 3712 ret,
339 3653 384 3705 sed
406 3657 550 3720 presertim
567 3665 607 3720 ot,
629 3672 674 3722 spe
696 3657 794 3710 reditus
867 3661 880 3688 ¹
898 3655 993 3706 Furor
1010 3654 1090 3704 rsds’trr
1110 3654 1136 3704 br
1155 3655 1245 3719 m]
1260 3647 1350 3711 ldis!
1434 3660 1435 3677 ¹

180 3790 183 3795 ,
265 3733 375 3796 captivis
387 3733 439 3783 sois
454 3734 580 3797 abscissa,
592 3733 687 3785 milites
701 3735 795 3785 Roote-
835 3730 1112 3782 observaveratcdtt.
1434 3732 1436 3737 '

264 3822 312 3860 nos
324 3810 351 3858 iu
371 3815 503 3874 posterum
521 3811 631 3863 invictos
649 3817 796 3876 prostaret,
867 3805 1268 3870 'Estetatisdeospts'oissml
1283 3799 1348 3880 ³⁸¹⁰.
1434 3852 1435 3871 ¹

265 3893 358 3948 utpote
381 3887 423 3950 qui
449 3900 549 3936 cornero
565 3886 656 3936 sutoris
673 3899 745 3950 spen
768 3889 795 3936 io
835 3893 942 3934 secutus
959 3883 1087 3934 Cicerone
1108 3892 1177 3935 teste
1194 3880 1348 3941 sestrice-¹

263 3961 318 4010 sote
330 3962 438 4012 victoris
454 3963 565 4026 positum
583 3963 712 4014 riderent.
748 3961 796 4014 rit·
835 3961 931 4014 Gracc
948 3960 1085 4010 historiam
1105 3959 1229 4023 seripsttr
1245 3957 1284 4007 obt
1300 3950 1346 4014 νὴ·

264 4049 315 4099 que
326 4037 362 4086 its
373 4040 472 4088 eturorn
484 4040 638 4092 Hannibalis
651 4039 796 4099 consitium,
835 4052 879 4088 res
887 4037 968 4088 tuisse
979 4037 1025 4094 sir,
1037 4039 1082 4102 qui
1101 4038 1127 4086 iu
1145 4045 1231 4088 osstrs
1245 4026 1348 4084 antiit·

264 4111 308 4175 qni
324 4119 352 4160 rt
368 4113 501 4174 iuuentem
516 4116 651 4178 pecuniam
664 4130 697 4166 es
712 4116 796 4179 rupti·
834 4124 894 4166 sent
914 4112 1129 4190 eedem-drgode,
1150 4120 1180 4164 ot
1196 4102 1346 4179 jnrsjsmtt
1434 4084 1436 4147 d

265 4200 354 4235 rorurn
374 4187 442 4251 iytro
462 4203 636 4256 corraeorum,
652 4197 681 4241 et
698 4189 795 4240 tidonis
835 4192 1016 4244 liberarentur.
