2917 4767
245 367 333 436 1862
720 383 756 432 r.
781 381 874 430 nrvrr

244 525 387 592 millium
406 525 469 590 suit
488 523 719 608 quadraginta,
740 511 863 590 decem'
881 524 1057 608 equitum.⁸
1103 524 1221 590 Duces
1236 528 1354 589 corui-

244 628 310 692 bus
340 637 524 710 praeeraut:
551 627 690 691 sinistro
717 626 927 702 Hasdrubal,
958 626 1078 692 dextro
1104 625 1352 690 Maharbal:⁹¹

243 726 388 793 mediam
410 729 517 793 aciem
539 728 714 794 Hannibal
736 730 810 812 ipse
836 727 1036 793 cumfratre
1058 727 1208 809 Magone
1227 728 1351 792 tenuit.

243 829 315 906 Sol,
341 849 401 894 seu
429 830 472 894 de
495 831 658 898 industria
682 834 731 896 ita
752 832 885 908 locatis,
912 849 972 894 seu
995 830 1086 912 quod
1107 830 1194 894 sorte
1214 831 1264 894 ita
1278 835 1351 894 sta-
1438 869 1439 910 r

242 936 374 1008 rent,¹⁰·
388 940 635 1015 peropportune
649 934 780 1015 utrique
794 933 883 1017 parti
900 931 1062 1017 obliquus
1077 940 1161 1009 arat,
1178 930 1348 996 Romanis
1438 913 1439 958 ³

241 1031 276 1095 iu
300 1033 484 1110 meridiem,
516 1033 633 1098 Poenis
661 1036 694 1100 iu
723 1037 992 1118 septemtrionem
1024 1035 1140 1100 versia.
1195 1032 1346 1110 Ventus,

240 1131 463 1217 (Vulturnum
486 1136 607 1201 incolae
629 1137 774 1216 regionis
789 1133 960 1219 vocant)¹¹
977 1136 1141 1202 adversus
1159 1133 1344 1200 Romanis‘

242 1243 419 1314 coortus‚¹²
433 1239 537 1301 multo
552 1237 690 1320 pulvere
712 1240 747 1302 in
768 1241 845 1322 ipsa
867 1257 927 1306 ora
947 1238 1113 1304 volvendo
1127 1243 1343 1321 prospectum

240 1337 374 1401 ademit.

282 1439 336 1500 47.
360 1436 515 1502 Clamore
542 1439 690 1518 sublato,
718 1459 914 1523 procursum
940 1443 984 1507 ab
1005 1441 1155 1518 auxiliis,
1172 1449 1208 1504 et
1230 1459 1345 1523 pugna

158 1571 164 1579 =
239 1536 373 1602 leuibus
387 1539 532 1622 primum
546 1541 648 1605 armis
659 1543 860 1608 commissa:
877 1543 996 1608 deiude
1007 1545 1154 1627 equiturn
1166 1541 1342 1608 Gallorum

239 1637 543 1725 Hispanorumque
557 1641 682 1708 laevum
697 1661 799 1708 cornu
809 1663 884 1708 cnm
901 1645 1022 1710 dextro
1033 1643 1188 1710 Romano
1204 1661 1341 1708 concur·

236 1741 293 1818 rit,
308 1740 444 1806 minime
460 1745 626 1825 equestris
643 1764 737 1810 more
754 1766 885 1829 pugnae.
925 1747 1108 1812 Frontibus
1123 1746 1211 1809 enim
1228 1745 1342 1809 adver·
1439 1829 1440 1838 ἵ

239 1840 288 1904 sia
302 1843 560 1909 concurrendum
577 1851 662 1920 erat,
677 1847 771 1929 quia,
785 1849 880 1914 nullo
903 1851 994 1914 circa
1009 1849 1053 1912 ad
1068 1847 1279 1930 evagandum
1294 1866 1344 1909 re-
1439 1871 1440 1914 r

236 1939 319 2006 licto
334 1944 460 2026 spatio,
482 1945 561 2012 trino
580 1947 697 2025 amnia,
722 1947 800 2013 binc
815 1949 966 2031 peditum
982 1951 1074 2014 acies
1090 1949 1295 2012 claudebant
1310 1949 1343 2012 iu

237 2040 399 2109 directum
410 2047 731 2130 utrimqueuiteutes.
756 2051 931 2114 Stantibus
944 2071 985 2116 ac
997 2050 1157 2116 consertis
1169 2045 1341 2132 postremo

237 2144 371 2209 turba¹³
387 2148 495 2228 equis,
518 2147 567 2210 vir
591 2149 695 2217 virum
721 2151 899 2235 amplexus
921 2151 1116 2216 detrahebat
1130 2169 1231 2234 equo.
1277 2149 1340 2214 Pe-

237 2242 349 2308 destrc
364 2266 483 2329 magua
499 2247 573 2329 jam
594 2269 639 2313 ex
662 2259 759 2333 parte
775 2259 946 2316 certamen
960 2253 1086 2318 sactum
1102 2257 1190 2316 arat:
1202 2252 1216 2288 ⁴
1230 2252 1339 2316 acrius

236 2348 357 2420 tamen,
383 2361 484 2428 quam
521 2347 661 2426 diutina,
688 2358 876 2432 pugnatum
901 2359 974 2434 est;
1006 2353 1160 2435 pulsique
1195 2351 1340 2415 Romani

236 2442 366 2526 equites
396 2450 486 2526 terga
520 2453 662 2513 vertunt.
720 2449 792 2515 Sub
823 2455 992 2538 equestris
1022 2453 1118 2518 tinem
1149 2451 1340 2518 certaminis

269 2622 286 2700 ⁴.
301 2625 362 2674 Cura
378 2631 433 2689 port
441 2628 546 2690 priunum
559 2645 696 2682 concurrum
712 2635 767 2698 equi
782 2641 899 2698 pertremo
913 2637 977 2688 uelut
992 2637 1120 2686 innobilrr
1130 2641 1231 2692 carmi.
1242 2635 1340 2695 Msfffi

233 2695 324 2752 equitur
334 2691 363 2738 od
371 2692 469 2742 anun
480 2693 582 2754 turdum,
589 2698 680 2758 anguli
689 2713 762 2748 urum
772 2715 804 2748 cu·
813 2701 918 2750 dntibus
925 2701 1160 2764 capiendumque
1168 2700 1336 2759 detmbudoeu

234 2754 376 2818 uadefitdut
387 2761 413 2804 ut
420 2757 520 2818 plurimi
530 2759 635 2822 equiturn
645 2776 691 2810 noa
704 2778 735 2813 eu
746 2767 819 2826 equit,
832 2767 873 2814 red
882 2765 981 2830 pedidus
989 2772 1134 2828 pugnarant.
1440 2773 1441 2790 ¹

693 2915 815 2940 uocem
818 2921 861 2941 uo
864 2921 878 2940 θ

233 3027 284 3072 -8
299 3023 370 3098 Olim
378 3024 529 3099 lugebatur,
538 3027 671 3077 Neam
681 3031 794 3094 omniura
806 3035 846 3094 qui
857 3039 877 3082 t.
887 3037 940 3096 ped.
953 3035 1138 3099 equitumqucr'rr
1149 3051 1172 3084 u.
1184 3042 1216 3085 rt.
1227 3035 1337 3094 illunse·
1440 3037 1441 3050 ¹

233 3093 301 3149 ruat,
310 3089 422 3138 adelart
436 3093 597 3152 quodraginta
610 3093 718 3154 prditum
733 3097 820 3158 millio,
830 3099 880 3147 dec.
891 3104 963 3148 a-tt
978 3099 1112 3148 Sinistrum
1123 3098 1271 3160 Hasdrubal,
1281 3102 1335 3148 der·

232 3155 298 3199 trun
314 3151 409 3212 regebat
428 3148 558 3202 Muiurdul
568 3153 637 3204 Edd.
648 3166 709 3207 unte
720 3159 904 3211 (irenen-ld
920 3162 970 3212 Seu
978 3163 1047 3223 sorta
1057 3165 1093 3212 itu
1102 3165 1187 3212 uado
1198 3162 1266 3213 Edd.
1278 3171 1335 3212 aute

233 3214 415 3265 Granum-ll
438 3216 611 3283 statuarum
625 3219 784 3276 Vulturnum.
793 3259 800 3272 .
809 3261 815 3275 .
824 3231 907 3275 cocum
919 3225 987 3278 Edd.
999 3235 1059 3276 aute
1071 3227 1255 3276 Credon-12
1271 3227 1336 3276 ‘Ad-

232 3293 314 3328 cerm
327 3279 557 3331 Romuaorccortua
590 3283 959 3350 Optimissdrerrirliorauair.
992 3289 1118 3356 ltalege:
1137 3290 1333 3355 uiuimurir,ud·

234 3355 316 3392 corruo
327 3342 457 3393 Romania?
472 3345 498 3394 J.
512 3347 542 3395 F.
554 3346 670 3398 Gronov.

728 3511 840 3564 NOTAE

231 3603 296 3646 tura.-
316 3611 393 3662 qnam
409 3612 534 3649 rammam
545 3603 679 3666 copiarum
692 3606 766 3658 Hau·
808 3611 958 3664 Maharbale
970 3613 1087 3663 nominat
1096 3613 1231 3676 Polybius.

231 3673 325 3723 nibalir
345 3673 470 3737 Polybiuu
490 3677 596 3728 scribit:
615 3679 653 3730 ira
674 3690 703 3731 nt
724 3685 766 3732 Li·
839 3686 912 3736 'Seu
922 3687 1058 3750 quodsum
1068 3688 1217 3750 ituaturerrt]
1233 3689 1277 3739 Sic
1285 3705 1333 3740 rne-

231 3749 297 3806 rdur,
308 3749 523 3813 quemadmodum
532 3753 566 3804 de
575 3754 699 3807 Romania
708 3758 765 3808 dirr-
806 3759 866 3826 lius,
876 3761 917 3811 rrl
926 3778 967 3812 reu
977 3763 1107 3827 quodforta
1114 3765 1150 3813 itu
1160 3770 1254 3814 urim.
1272 3766 1333 3816 Pro·

232 3836 293 3880 erat
308 3842 367 3891 cap.
385 3833 426 3880 36.
443 3830 469 3879 iu
488 3832 638 3883 univercum
661 3834 766 3886 uffuirre
807 3837 864 3899 plur
885 3839 954 3888 enim
975 3837 1032 3888 bac
1051 3839 1145 3890 obruat
1167 3856 1184 3888 ι
1204 3839 1331 3890 codicibur

231 3912 333 3967 reptem
356 3913 382 3954 ct
405 3907 539 3970 octogiuta
560 3910 651 3972 millia,
671 3913 710 3961 ric
731 3911 766 3962 de
806 3912 1331 3980 Lipr.etcolb.quamurrulgo,msorre

231 3979 322 4028 Poenir
339 3979 410 4030 dicat
423 3982 447 4029 iu
459 3996 573 4044 ganum
590 3985 685 4035 deinde
702 4000 765 4037 raro
805 3986 945 4038 uastando.

231 4053 513 4116 distinguatunmerunr
524 4060 764 4125 peditumabequi·
837 4063 982 4114 ‘Advorsae
1002 4064 1128 4128 Romu]
1151 4066 1253 4130 Optimi
1276 4068 1331 4117 libri

233 4136 288 4178 taur
301 4143 414 4180 numero.
804 4139 910 4188 udrcrrir
918 4141 1193 4206 Romair.quodideru
1202 4152 1252 4196 eat.
1269 4145 1332 4194 Gall.

264 4210 275 4268 ξ
291 4204 385 4256 Dextro
397 4206 535 4274 Mulrcrdui]
550 4210 703 4264 Hruuourur
714 4226 763 4278 pro
804 4215 888 4264 horat
900 4217 951 4266 leur
960 4219 1066 4268 donum
1077 4218 1206 4282 anauga.
