2917 4767
207 314 293 383 lana
576 358 583 369 .
690 326 724 374 r.
749 324 845 373 aruit

206 486 291 542 zm„
370 469 451 527 bras·
464 467 604 545 incapite
616 466 709 527 daret.
733 467 841 526 Plures
852 485 921 525 cunr
934 467 1112 545 recepissent
1123 466 1229 526 Poeni
1246 478 1347 543 quam
1443 509 1444 524 .

202 564 356 621 vonerint·
369 562 573 630 reddidissent,
588 564 742 641 pecuniam
752 582 792 621 ex
805 570 894 640 paeto
907 562 1117 640 pependerunt.
1152 562 1273 621 ‘Duas
1287 562 1349 619 boc
1367 548 1371 553 ’
1443 549 1444 610 ἒ

264 718 270 730 ,
318 678 336 728 ’,
369 678 447 717 anno
456 658 589 717 colonias
603 658 631 715 in
648 657 740 716 ltalia
751 656 895 715 deductas
917 657 1046 725 inienio,
1063 657 1212 715 AEsulum
1229 665 1268 715 et
1282 655 1348 713 Al·
1443 645 1444 690 1

206 718 451 812 Fasucaplt'sium
495 754 638 813 Lustrum
651 754 721 810 item
742 752 850 811 Βοηε
863 751 1017 809 conditum
1027 751 1349 831 duodequadragesi-

368 866 460 917 mum‚
474 850 518 906 ab
530 847 678 907 A.Atilio
691 847 734 905 A.
750 847 786 905 F.
801 847 844 906 0..
857 845 902 905 N.
924 846 1075 916 Calatino,
1091 847 1134 905 A.
1148 846 1298 905 Medio
1307 845 1349 901 T.

370 943 456 1003 Fal.
472 943 515 1003 Ν.
537 942 688 1021 Torquato
709 941 850 1010 Attioo‚²·
862 941 1041 1000 censoribus.
1075 942 1188 999 ‘censa
1201 948 1288 999 sunt
1300 940 1347 997 oi·

207 1010 276 1122 ,ξ’
291 1010 328 1075 Ep
328 1013 355 1063 it.
369 1040 449 1101 vium
462 1041 562 1117 capita
574 1038 702 1098 ducenta
724 1038 940 1116 quinquaginta
960 1056 1051 1097 unum
1068 1037 1176 1105 millia,
1192 1037 1350 1095 ducenta

341 1198 346 1209 ,
368 1133 569 1211 vigintiduo:
597 1154 665 1193 curn
689 1133 834 1211 superiore
856 1132 945 1191 lustro
967 1131 1058 1211 paulo
1071 1133 1168 1191 minus
1189 1140 1346 1189 muta

368 1228 462 1289 millia
484 1248 580 1287 censa·
597 1228 737 1289 tuissent:
755 1237 883 1287 *tantm
907 1229 1016 1287 muium
1039 1228 1276 1287 multitudinem
1303 1246 1346 1283 eo

368 1336 499 1404 tempore
513 1325 625 1385 bellurn
638 1336 669 1384 et
683 1324 838 1401 naufragia
848 1330 1075 1385 consumserunt.
1268 1324 1271 1329 ’
1340 1324 1345 1331 ’

408 1426 458 1479 aa.
482 1418 551 1477 Neo
572 1420 639 1477 ideo
665 1420 782 1497 segnius
801 1420 928 1499 suppleti
954 1422 1100 1479 exercitus
1125 1418 1244 1488 Siculi,
1278 1418 1345 1475 Μ’.

370 1513 501 1573 Otacilio
513 1510 552 1573 C.
567 1514 670 1575 FrM’.
686 1514 732 1573 N.
746 1515 855 1574 Crasso
866 1516 982 1584 iterum,
993 1514 1040 1573 Μ.
1055 1515 1150 1573 Fabio
1158 1514 1207 1574 C.
1217 1514 1262 1572 F.
1276 1513 1340 1571 Μ’.

369 1608 414 1667 Ν.
430 1608 533 1667 Licino
546 1607 960 1669 consulibusdsdueeuttbus!
994 1609 1052 1668 Hi·
1062 1610 1249 1669 laboriosam
1264 1610 1340 1686 qui·

367 1703 435 1763 dem
443 1713 474 1763 et
481 1705 640 1764 exercitam
651 1703 788 1763 militiam
800 1704 947 1762 habuere:
964 1714 1176 1773 verumtamen,
1188 1705 1273 1783 quia
1290 1703 1336 1761 lo-

368 1819 548 1878 eorumquae
562 1810 742 1879 praeceperat
753 1799 1022 1878 opportunitatibus
1042 1818 1178 1858 emovere
1195 1798 1336 1857 Hamil·

368 1911 464 1955 canem
481 1896 685 1973 nequiverant,
699 1894 772 1953 nihil
792 1894 932 1951 memoria
948 1893 1068 1971 dignum
1082 1914 1217 1970 gessere:
1243 1893 1334 1972 quod

367 1991 557 2068 seqssontibus
567 1990 656 2049 etiam
675 1988 789 2068 aliquot
801 1988 947 2047 Romanis
960 1988 1131 2047 consrtlibus
1143 1990 1274 2058 accidit,
1289 1991 1332 2047 ob

368 2083 445 2143 idem
459 2084 684 2155 incommodum,¹
697 2094 728 2142 et
740 2084 814 2162 quia
830 2082 973 2160 repentini
989 2081 1080 2141 ducas
1091 2084 1235 2143 adversus
1258 2104 1332 2163 per-

369 2188 488 2257 petuum
514 2187 700 2255 veteremque
727 2178 836 2237 delecti
868 2176 934 2256 plus
966 2178 1177 2257 propemodum
1203 2189 1330 2258 tempo-

367 2274 407 2334 ris
428 2274 458 2331 in
479 2274 681 2352 apparatibus,
707 2282 738 2331 et
761 2271 890 2331 locorum
910 2273 978 2340 situ,
1001 2272 1128 2331 milittsm
1150 2273 1328 2343 voluntate,

266 2366 271 2377 '
367 2375 503 2443 statuque
524 2366 596 2425 belli
607 2365 812 2443 cognoscendo
831 2387 1000 2427 consumere
1019 2369 1211 2445 cogebantur,
1229 2370 1327 2447 quam

367 2459 407 2517 ad
429 2480 474 2518 res
493 2460 635 2537 gerendas
655 2461 822 2540 superabat.
864 2461 935 2525 Quo
955 2462 1044 2520 etiam
1067 2463 1190 2521 oonsilio
1203 2464 1324 2524 factum

366 2554 482 2617 videtur
494 2554 547 2615 illo
554 2574 643 2625 artuo,
654 2564 697 2623 ut,
706 2575 773 2613 oum
784 2555 906 2614 instaret
916 2557 1099 2615 comitiorum
1111 2567 1242 2637 tempus,
1252 2558 1323 2617 dic-

366 2657 491 2707 tatorem
514 2652 611 2729 potius
631 2649 690 2709 dici
709 2650 850 2729 placeret,
872 2670 962 2728 quam
978 2650 1130 2710 consulum
1143 2652 1322 2729 alterutrum

203 2737 353 2803 Flstlcflpli·
365 2768 404 2807 ex
419 2746 523 2807 Sicilia
533 2749 659 2807 evocari.
704 2746 810 2805 Dictus
822 2756 868 2805 est
875 2746 922 2804 Ti.
937 2747 1141 2806 Coruncanius
1153 2748 1254 2813 Til-¹.
1268 2750 1318 2807 Ti.

366 2841 411 2902 N.
425 2844 608 2903 comitiorum
622 2842 823 2903 habendorum
838 2861 946 2900 causa:
960 2842 985 2899 is
997 2843 1166 2920 magistrum
1181 2847 1320 2923 equitum

366 2937 567 2997 M.·Fulviurn
581 2939 627 3004 Q:
638 2938 673 2996 F.
689 2938 735 2995 M.
750 2936 794 2995 N.
811 2935 951 2995 Flaccum
963 2935 1049 2994 dixit.
1140 2942 1144 2950 ’

204 3000 336 3117 xAssGffi
404 3040 454 3092 40.
477 3032 596 3093 Interea
607 3032 668 3091 tluo
678 3031 787 3090 tribuni
797 3030 891 3109 plebis
899 3030 936 3089 Ο.
949 3030 1211 3092 Fundaniuset'l'i.
1227 3034 1319 3092 Sem·

204 3128 271 3192 Epir.
282 3148 340 3181 ¹¹¹·
365 3129 497 3208 pronius⁶
512 3128 648 3187 Claudia
663 3126 759 3205 Appii
773 3125 856 3183 Caeoi
868 3124 938 3183 filiae
952 3126 1030 3184 diem
1044 3126 1083 3185 ad
1096 3128 1238 3206 populum
1246 3130 1316 3187 dix·

202 3197 352 3311 {ugiffi'b'
364 3232 460 3291 erunt,
475 3222 554 3301 quod
567 3243 586 3280 a
596 3222 674 3280 ludis
687 3221 811 3288 rediens,
820 3239 888 3277 cum
900 3221 987 3278 urrba
1000 3231 1192 3297 premeretur,
1202 3224 1233 3281 in
1244 3243 1315 3281 oon·

203 3324 270 3373 Mas.
282 3340 343 3375 viu.
364 3318 440 3377 serta
453 3316 641 3375 multitudine
656 3334 732 3390 aegre
755 3314 931 3393 procedente
944 3322 1096 3394 carpento,
1108 3338 1211 3377 vocem
1224 3320 1311 3377 mise·

365 3428 412 3476 rat
425 3418 505 3494 impii
519 3417 580 3475 voti
594 3436 601 3474 ε
625 3426 632 3449 ‘
646 3415 770 3474 Utinam
791 3416 880 3474 frater
892 3436 974 3474 meus
985 3418 1180 3487 revivisceret,
1195 3421 1313 3477 iterium·

362 3563 418 3673 A}
429 3558 470 3607 lta
481 3558 556 3607 Cret.
568 3572 599 3607 cx
612 3558 695 3607 Fastis
708 3558 794 3622 Capit.
810 3558 876 3607 Edd.
889 3559 988 3623 priores
1000 3563 1031 3610 Δ.
1044 3562 1138 3610 Manlio
1150 3562 1177 3612 Τ.
1189 3562 1221 3611 F.
1234 3562 1262 3613 Y.
1274 3562 1308 3611 N.

364 3644 365 3647 ’
409 3637 453 3671 18⁰·

748 3702 852 3722 ΝΙΟΙΟΙ
856 3703 930 3722 Νθθθ

396 3792 408 3815 ⁶
418 3782 523 3845 Argenti
530 3784 607 3845 pondo
617 3783 701 3831 binuet
709 3782 821 3845 selibras]
854 3784 981 3839 tribunos,
990 3785 1036 3834 ted
1049 3786 1140 3835 ediles
1151 3786 1236 3849 plebis
1248 3785 1309 3835 stris-

362 3846 460 3896 'l‘ernus
483 3862 583 3895 trrsr‘cas
608 3854 738 3893 nostrates
760 3861 819 3895 cunr
853 3850 935 3895 seuit
956 3850 1064 3899 Gellius.
1098 3850 1148 3898 Sed
1167 3859 1194 3898 et
1206 3848 1273 3898 infra
1285 3864 1309 3896 c.

309 3916 315 3929 '
362 3911 820 3971 septeniunciisetduobusgrotsis.
852 3915 894 3961 tt.
928 3912 968 3960 rt.
994 3914 1161 3974 Sempronius
1188 3915 1222 3961 sb
1249 3915 1306 3975 ipso

365 3977 435 4023 Creu.
854 3976 1030 4025 Freinslrennio
1042 3978 1125 4026 aedilis
1144 3988 1308 4026 nsrmorstrtr.

396 4036 407 4069 ὅ
424 4038 456 4085 Α.
469 4038 502 4085 U.
516 4040 545 4087 C.
556 4042 613 4085 506.
632 4036 661 4085 Α.
675 4037 705 4085 C.
716 4040 774 4085 ata.
854 4038 949 4104 Itaque
965 4042 1096 4090 credimus
1115 4041 1158 4089 bic
1173 4056 1232 4090 enm
1248 4055 1307 4104 parr-

394 4108 404 4132 θ
423 4102 577 4149 Duotrt'luuu'
588 4102 668 4163 plebis,
682 4103 710 4149 C·
722 4102 818 4151 Fando·
854 4103 905 4153 lum
918 4104 1080 4155 dormitasse.
1100 4108 1170 4154 Cret.

363 4166 426 4219 ttius,
435 4170 458 4213 et
472 4164 509 4212 Τι’.
522 4164 683 4226 Sempronius]
701 4164 756 4214 llos
766 4180 816 4214 uon
