2917 4767
483 381 556 428 crs.
579 379 682 429 xxm.
704 377 786 430 car.
809 365 862 430 29.
1136 372 1220 436 1821

114 522 252 586 dentem
272 519 389 586 intulit
400 519 561 603 equitem,
574 529 609 586 at
623 522 668 586 ad
680 523 779 604 signu
798 523 963 604 legionum
981 523 1112 606 refugit.
1155 528 1222 594 Pe-

117 623 226 688 ditum
240 625 336 686 acies
351 624 439 686 iuter
452 622 627 704 perculsus
648 621 821 705 impavida
838 624 913 688 aula
935 633 1021 702 orat,
1038 626 1222 696 videbatur·

115 745 195 807 que,
209 725 241 788 ai
256 723 355 806 juata
367 730 429 786 aut
441 724 471 788 si
484 730 575 790 recta
589 743 702 806 pugna
715 733 830 802 esset:
841 725 1099 808 haudquaquam
1112 730 1223 812 impar

114 827 243 890 lutura.
287 826 433 890 Tantum
457 826 640 890 animorum
664 827 787 892 lecerat
810 846 969 909 prospere
995 837 1071 894 ante
1094 849 1221 912 paucos

115 929 195 992 dies
210 947 269 992 res
284 937 389 1010 gesta.
431 927 500 992 Sed
513 929 620 992 exorti
635 933 768 1010 repente
783 927 992 994 insidiatores
1008 949 1081 994 enm
1100 932 1223 998 tumul·

114 1037 191 1092 tum
207 1036 444 1110 terroremque,
458 1028 493 1092 in
509 1029 615 1092 latera
633 1029 799 1112 utrimque
816 1029 860 1094 ab
875 1037 1035 1114 tergoque
1049 1031 1222 1098 incursau-

90 1162 96 1175 ·
113 1139 183 1207 tes,
196 1130 357 1204 feceruut,
371 1139 410 1194 ut
423 1147 532 1212 neque
545 1131 677 1197 animus
690 1131 735 1196 ad
750 1150 911 1214 pugnam,
926 1150 1035 1214 neque
1051 1133 1095 1195 ad
1111 1134 1222 1216 lugam

115 1252 203 1314 spes
219 1233 379 1314 cuiquam
393 1239 598 1314 superesset.

158 1334 217 1398 29.
240 1333 340 1398 Tunc
352 1334 494 1412 Fabius,
505 1335 615 1416 primo
625 1334 775 1398 clamore
786 1337 983 1418 parentium
998 1337 1127 1413 andito,
1143 1335 1222 1402 dein

116 1447 306 1518 conspecta
319 1435 438 1519 procul
454 1436 587 1500 turbata
600 1436 685 1514 acie,
708 1441 719 1469 ‘
734 1436 790 1501 Ita
805 1436 882 1516 est,'
896 1438 1017 1521 iuquit,
1034 1443 1120 1502 ‘non
1136 1439 1222 1504 cele-

116 1538 202 1614 rius,
213 1557 318 1621 quam
332 1538 441 1616 timui,
455 1537 673 1620 deprehendit
683 1547 709 1590 ¹⁹
721 1539 855 1604 fortuna
869 1542 1110 1624 temeritatem·
1156 1539 1222 1604 Fa·

116 1641 176 1704 bio
207 1643 364 1720 aequatus
393 1639 534 1721 imperio
560 1638 790 1704 Hannibalem
818 1647 851 1704 et
881 1641 1000 1706 virtute
1027 1649 1060 1708 et
1089 1640 1223 1706 fortuna

115 1742 328 1825 superiorem
358 1741 462 1806 ridet.
516 1740 585 1805 Sed
613 1741 707 1806 uliud
735 1739 896 1824 jurgandi
931 1741 1221 1826 succensendique

116 1851 257 1926 tempus
272 1843 344 1907 erit.
388 1841 492 1906 Nunc
511 1843 609 1923 sigua
632 1849 732 1906 extra
754 1844 880 1908 vallum
901 1843 1058 1926 proferte.
1101 1843 1220 1908 Victo·

114 1945 204 2010 riam
227 1945 315 2008 boeti
339 1950 611 2026 extorqueamus,
637 1944 889 2010 contessionem
912 1946 1035 2010 wetruria
1064 1944 1221 2010 civibus!

113 2044 139 2108 J
140 2065 197 2109 nm
211 2065 335 2126 magua
349 2065 396 2108 ex
411 2051 504 2127 parte
514 2046 615 2110 caeeis
629 2046 720 2122 aliis,
734 2047 813 2110 aliis
824 2053 852 2082 ²⁰
864 2046 1222 2130 circumspectantibus

114 2147 245 2228 sugam,
260 2147 415 2214 Fabiana
439 2165 476 2210 ae
491 2149 585 2211 acies
609 2153 756 2228 repente,
779 2147 869 2210 velut
888 2147 977 2212 coelo
997 2145 1159 2224 demissa,
1178 2148 1222 2212 ad

113 2249 285 2312 auxillum
300 2237 455 2312 ostendit.
500 2248 632 2330 ltaque,
648 2249 740 2329 prins
763 2266 864 2330 qnam
889 2248 932 2312 ad
948 2248 1137 2332 conjectum
1160 2247 1222 2314 teli

115 2349 263 2424 veniret,
277 2355 335 2414 aut
350 2369 484 2414 manum
500 2357 701 2426 consereret,
715 2357 750 2414 et
764 2369 845 2414 suna
859 2369 879 2414 a
895 2350 974 2432 luga
995 2349 1113 2428 effusa,
1129 2359 1165 2415 et
1178 2353 1221 2415 ab

116 2454 222 2515 nimis
237 2452 341 2516 feroci
357 2458 488 2534 pugna¹
515 2451 629 2514 hostes
654 2452 830 2517 continuit.
876 2451 947 2529 Qui
966 2451 1084 2516 solutis
1100 2452 1223 2516 ordini·

117 2555 187 2618 bus
203 2573 288 2634 vage
302 2552 460 2636 dissipati
475 2559 581 2630 eraut,
597 2552 745 2635 nudique
761 2554 977 2633 confugerunt
1000 2552 1043 2616 ed
1063 2553 1222 2634 integram
1258 2581 1267 2602 ¹

117 2657 252 2734 eciem3
264 2656 325 2738 qui
338 2655 454 2738 plnres
470 2654 572 2718 simul
584 2659 677 2736 terga
691 2654 859 2726 dederent,
872 2654 1024 2718 conversi
1042 2653 1074 2718 iu
1088 2653 1222 2718 hostem

119 2757 357 2840 volventesque
372 2756 507 2833 urbem:
518 2773 604 2820 nunc
618 2755 742 2820 sennim
758 2755 878 2820 referre
893 2755 1025 2837 pedem,
1042 2774 1126 2818 nunc
1142 2774 1223 2818 con·

150 2948 165 2970 ·
182 2937 415 2988 lammina
429 2937 536 2986 Minucii
547 2938 672 3000 interemit
683 2951 759 2999 mur,
769 2943 794 2986 et
804 2935 946 2996 infrendere
957 2935 1060 2985 induxit.

581 3081 685 3102 ΙΙΜΙ
689 3079 765 3101 ΝΜ

155 3201 188 3246 19
204 3195 332 3245 ‘Mallem
351 3195 391 3244 rel
409 3196 573 3259 negationem
591 3195 690 3258 delere,
700 3197 741 3246 rel
759 3191 922 3258 transponitis
939 3191 1043 3240 roelbus
1056 3193 1159 3256 legera:
1177 3212 1223 3246 nun

119 3263 223 3312 aerim
231 3261 624 3324 tinni‚qamrepreienair.qe.’
643 3261 741 3311 Strotla.
774 3260 868 3310 ‘Nihil
886 3256 1046 3306 mutandum.
1081 3259 1172 3314 Recte,
1185 3259 1223 3309 in·

121 3329 180 3389 quit
200 3324 305 3388 Fabius,
312 3324 439 3388 judicari,
449 3339 496 3373 aas
511 3325 617 3379 alerias,
629 3342 701 3390 quum
717 3325 851 3380 timueram,
863 3323 888 3371 n.
902 3339 925 3372 e.
938 3330 989 3371 tam
1006 3321 1136 3381 celeriter,
1149 3339 1223 3380 ηιιιπι

122 3393 272 3449 timueram,
280 3390 434 3451 deprehendit
442 3389 546 3448 sarteas
554 3393 721 3450 tenerilmm,
734 3393 758 3438 lr·
769 3404 792 3438 e.
806 3389 939 3438 temeritas
952 3387 1127 3451 pruolpitavlt
1138 3387 1224 3436 Mluu·

120 3459 192 3506 cium
211 3455 238 3504 in
255 3453 438 3503 infortunium?
455 3454 638 3515 Durine-2⁰
656 3455 732 3506 Prius
746 3455 801 3506 ultis
819 3455 893 3506 abest
905 3471 919 3503 a
931 3455 1061 3519 plerisque
1073 3454 1137 3503 Mas.
1148 3453 1223 3517 proli.

622 3596 731 3649 NO'l'AE

123 3700 182 3746 deur
209 3693 337 3756 masur]
373 3693 493 3743 Sentitur
518 3696 658 3745 maduit
696 3694 1224 3753 imbrlrritandlcausasncrsdaret,nul·

122 3773 234 3823 rubum
251 3785 298 3835 pre
314 3769 413 3827 subire,
424 3783 457 3820 st
469 3773 527 3820 luco
537 3769 656 3820 interiori
695 3772 749 3820 lum
760 3769 894 3820 laabebatz¹
909 3769 958 3818 ulai
966 3768 1114 3832 legendum,
1125 3785 1170 3830 quo
1179 3769 1224 3816 im·

125 3849 270 3900 accedere:
288 3845 336 3896 rad
355 3848 437 3910 magis
453 3861 512 3897 curn
523 3846 602 3897 daudl
615 3860 658 3896 ea-
696 3846 746 3896 tris
756 3845 849 3896 wurdt
860 3859 929 3894 rum
939 3847 1078 3894 mecedrret.

122 3941 165 3980 ru.
181 3933 212 3975 ut
226 3923 296 3988 apud
307 3925 439 3974 Curarem
453 3924 520 3974 libre
538 3935 571 3974 ιι.
590 3923 658 3974 Belli
729 3927 740 3954 ¹
757 3921 832 3969 Recta
842 3932 921 3980 pagna
931 3916 1002 3978 esset]
1019 3918 1046 3965 si
1058 3917 1154 3978 absque
1166 3915 1226 3963 insi·

124 4002 234 4063 Gallici,
249 3999 401 4050 ‘testudine
418 3996 490 4050 lacta
506 3999 655 4063 portissuc·
697 3993 747 4044 diis
772 3993 846 4042 Poeui
873 3999 1038 4054 pugnarseut.
1065 3989 1177 4052 Gallice,
1197 3991 1225 4042 de

124 4078 225 4128 eadunt
234 4074 253 4126 τ’
268 4074 419 4126 ascmatiro
429 4083 515 4124 auten
528 4087 587 4124 raro
594 4074 655 4138 juu-
696 4069 870 4130 mergier-re.

126 4155 220 4217 gitur:
237 4157 278 4200 sat
287 4158 373 4199 tamen
385 4149 454 4211 apud
466 4150 617 4200 Ciceronem
629 4151 655 4200 iu
727 4153 737 4176 ⁸
756 4143 922 4206 Volcaniaque
942 4141 1032 4204 urbem]
1055 4141 1123 4192 Gall.
1137 4141 1168 4192 Et
1176 4142 1229 4203 Jni·

125 4225 410 4294 oracprcdeuosua:
422 4225 463 4276 ‘la
473 4223 655 4292 metumquod
695 4227 752 4274 suat
770 4235 802 4272 us
811 4217 963 4274 deni-trust
973 4219 1050 4270 droise
1060 4233 1089 4270 un
1101 4221 1226 4284 aganello,
