2917 4767
460 389 530 436 ure.
555 387 675 438 xxrrr.
698 387 782 436 cnr.
801 373 856 438 31.
1115 373 1203 439 lete

82 531 262 598 nienrlnm
282 531 368 596 diem
388 531 556 598 ediceret:
579 532 658 600 inde
678 538 716 596 ut
729 529 903 614 legiones⁶
921 530 956 596 in
970 539 1082 599 casua
1098 534 1204 599 Clau·

83 633 226 698 elizanau
241 653 343 716 supra
362 635 559 700 Suessulam
581 634 838 700 deducerentur.
883 633 973 713 Quae
991 635 1040 700 ihi
1055 635 1201 715 legiones

82 743 226 810 essent,
237 734 348 820 (erent
362 742 471 800 eutem
488 735 676 800 Cannensis
686 737 835 800 maxima
848 733 1046 818 exercitae)
1059 756 1120 802 aas
1134 737 1201 820 Ap.

84 839 266 904 Claudius
282 838 424 905 Pulcher
438 847 561 923 praetor
576 840 610 903 in
630 839 782 902 Siciliam
800 841 982 924 trajiceret,
1005 858 1153 922 querque
1167 838 1201 902 iu

86 939 225 1004 Sicilia
244 948 370 1013 essent,
386 939 529 1004 Romam
551 940 814 1022 deportarentur.
857 938 912 1004 Ad
933 941 1131 1016 exercitum,
1146 938 1202 1003 cni

86 1041 138 1104 ad
157 1042 425 1106 conveniendum
442 1041 542 1106 Celes
557 1041 671 1105 edicta
686 1040 758 1104 dies
772 1049 857 1118 erat,
868 1041 918 1104 Μ.
929 1039 1094 1106 Claudius
1111 1041 1202 1106 Mar·

87 1143 215 1207 cellue
233 1143 378 1224 missus3
401 1145 497 1227 isque
509 1143 627 1228 jussus
644 1143 679 1207 in
698 1149 808 1209 castra
830 1143 1019 1208 claudiane
1040 1142 1203 1208 dedocere

87 1246 246 1308 urbanas
265 1244 421 1327 legiones.
465 1243 521 1310 Ad
539 1253 684 1310 veterem
704 1249 882 1320 exercitum
898 1245 1128 1328 accipiendum
1144 1243 1204 1308 de·

89 1346 360 1428 docendumque
376 1347 455 1412 inde
469 1347 502 1411 in
517 1347 690 1412 Siciliam⁷
704 1347 747 1411 Τ.
765 1347 921 1411 Metilius
944 1345 1049 1412 Croto
1070 1347 1204 1429 legatus

90 1449 143 1511 ab
163 1447 233 1531 Ap.
252 1447 394 1512 Claudio
417 1455 471 1513 est
491 1449 630 1514 missae.
673 1448 784 1513 Taciti
809 1448 920 1531 primo
943 1454 1205 1530 expectaverant

91 1549 268 1627 homines,
297 1551 345 1613 uti
380 1550 500 1615 consul
536 1550 675 1615 comitia
709 1549 848 1632 collegae
877 1549 1022 1614 creando
1057 1549 1204 1613 haberet.

92 1649 250 1726 Deinde,
272 1651 332 1714 ubl
353 1651 556 1734 ablegatum,
571 1651 663 1716 velut
685 1650 726 1714 de
745 1650 922 1728 industria,
938 1649 990 1713 Μ.
1006 1648 1204 1713 Marcellum

93 1753 269 1829 viderunt,
285 1771 383 1836 quem
400 1751 572 1818 maxime⁸
595 1751 764 1816 consulem
778 1752 812 1815 in
826 1770 904 1814 eum
919 1769 1040 1815 anunm
1056 1750 1102 1812 ob
1114 1769 1205 1832 egre·

94 1857 155 1936 gie
171 1855 206 1918 iu
228 1861 374 1937 praetore
389 1873 441 1917 res
456 1860 568 1936 gestas
587 1853 694 1918 creari
709 1852 879 1930 volebant,
894 1852 1049 1916 fremitus
1062 1851 1097 1914 in
1110 1851 1206 1916 curia

95 1965 156 2021 est
179 1963 285 2020 ortus.
328 1954 432 2033 Quod
456 1955 514 2018 ubi
540 1957 648 2020 sensit
670 1953 801 2035 consul,
824 1952 1060 2036 ‘Utrumque'
1084 1953 1205 2036 inquit,

95 2063 145 2122 ‘e
168 2076 204 2121 ra
229 2056 364 2139 publice
382 2055 456 2134 luit,
476 2054 596 2119 Patres
615 2056 810 2138 conscripti,
829 2062 864 2119 et
883 2053 935 2118 Μ.
955 2053 1135 2118 Claudium
1161 2055 1206 2118 ad

97 2157 347 2242 permutandos
362 2157 530 2223 exercitus
545 2156 578 2220 in
594 2155 813 2239 Campaniam
825 2155 1004 2239 proficisci,
1020 2161 1055 2220 et
1069 2155 1208 2221 comitia

99 2279 170 2326 non
195 2259 291 2344 prius
316 2258 417 2336 edici,
431 2277 531 2342 quam
556 2258 586 2321 is
606 2257 696 2335 inde,
714 2257 878 2335 conlecto,
893 2255 986 2340 quod
1009 2254 1206 2321 mandatum

99 2369 170 2439 est,
193 2359 342 2442 negotio,
367 2359 581 2439 revertisset3
603 2363 640 2423 ut
660 2378 723 2424 vos
746 2357 930 2436 consulem,
950 2375 1051 2440 quam
1073 2365 1207 2440 tempus

102 2463 151 2527 rei
181 2462 324 2546 publicae
350 2458 549 2543 postularet,
576 2479 674 2544 quem
702 2460 851 2524 maxime
880 2458 994 2536 vultis,
1018 2457 1209 2524 haberetis!

103 2563 164 2628 lta
188 2563 231 2626 de
257 2560 416 2638 comitiis,
443 2559 548 2624 donec
576 2558 675 2623 rediit
703 2558 901 2636 Marcellus,
931 2559 1103 2624 silentium
1133 2559 1208 2625 luit.

104 2665 240 2728 Interea
264 2660 431 2726 duumviri
458 2660 560 2725 creati
586 2664 664 2723 sunt
688 2657 734 2737 Q.
759 2658 888 2722 Fabius
916 2657 1088 2723 Maximus
1112 2667 1146 2723 et
1166 2658 1209 2722 Τ.

107 2765 280 2829 Otacilius
309 2762 463 2839 Crassus,
492 2761 625 2826 oedibus
655 2759 862 2835 dedicandis,
892 2756 1002 2823 Menti
1029 2757 1210 2838 Otacilius,

108 2865 240 2932 Fabius
255 2861 378 2928 Veneri
394 2861 560 2948 Erycinae.
605 2859 756 2943 Utraque
771 2861 806 2924 in
819 2859 992 2944 Capitolio
1016 2865 1081 2938 est,
1101 2861 1211 2926 canali

108 3176 246 3226 multi-tl
260 3173 337 3224 ‘lade
347 3178 373 3221 nt
385 3173 488 3234 legium
499 3169 569 3220 edidi
582 3185 629 3235 pro
641 3171 709 3232 vulg.
726 3169 782 3218 tede
797 3185 842 3218 rex
858 3167 978 3229 egam.-
993 3181 1052 3216 naur
1071 3168 1105 3218 de
1119 3169 1211 3222 iisdem

107 3241 199 3290 deam
209 3237 340 3300 legionibus
352 3237 447 3285 arlonis
466 3237 560 3297 agitur,
572 3243 598 3283 et
610 3249 656 3283 aex
669 3233 813 3295 legionibus
826 3246 900 3281 nemo
913 3233 938 3280 ln
951 3231 999 3280 lrcc
1018 3233 1086 3281 bello
1099 3234 1214 3294 prefuit.

109 3305 181 3354 llinc
192 3319 233 3352 eur
247 3303 315 3366 conj.
327 3301 446 3350 Perlron.
458 3309 486 3348 ιιι
499 3299 520 3349 Δ
535 3306 662 3348 mirtulam
675 3299 709 3347 rit
720 3299 746 3346 lu
758 3297 800 3347 X.-
819 3299 856 3346 ta
867 3304 893 3344 et
905 3300 931 3345 et
944 3297 1043 3344 Stroth.
1077 3297 1212 3349 Posterius
1275 3328 1278 3333 >

107 3369 207 3434 recepi,
218 3367 279 3432 qnia
290 3381 323 3416 ex
339 3364 385 3415 Vl*
400 3363 524 3415 facillime
540 3363 579 3414 Vl
589 3363 674 3413 enasci
695 3361 800 3426 potnir.'
817 3362 967 3424 Repete-t
985 3359 1028 3409 ΑΙ.
1044 3361 1213 3414 dedum

608 3517 715 3568 NOTAE

14 3621 43 3670 ’,ι
143 3617 295 3667 'lucader
307 3613 452 3678 Ctaadlnau]
469 3612 642 3664 Cumduoex
684 3613 729 3672 dn,
747 3615 1052 3679 queruprrsuersulnrn
1068 3615 1154 3678 posita
1169 3615 1214 3663 lra-

110 3699 190 3755 gente
206 3690 313 3740 Claudia
326 3690 350 3738 in
370 3690 479 3754 imperio
496 3697 593 3746 essent,
605 3689 644 3739 M.
683 3691 782 3741 hebet:
806 3694 898 3742 mirum
911 3700 997 3754 tapren
1010 3691 1078 3756 quud
1089 3692 1214 3742 Claudius

111 3767 236 3818 Claudius
248 3765 391 3814 Marcellus
400 3766 546 3828 proconsul,
555 3772 582 3814 et
592 3765 643 3827 llp·
684 3767 828 3816 Marcellos
846 3769 871 3815 in
882 3777 968 3817 castre
979 3766 1122 3816 Claudiana
1134 3767 1214 3827 legio·

112 3843 171 3905 pinu
185 3839 309 3890 Claudius
327 3840 441 3890 Pulcher
459 3849 570 3906 praten
592 3853 645 3889 am·
683 3857 729 3892 ner
747 3842 877 3891 deducere
887 3843 976 3906 jurans
996 3842 1107 3902 dicatur,
1127 3842 1213 3902 potior

113 3917 165 3980 ligi
180 3924 269 3982 posset
281 3918 366 3967 utrius
378 3917 433 3966 huc
444 3922 645 3976 contrement,
685 3933 761 3982 quam
773 3918 799 3966 iu
810 3933 857 3967 sur
865 3925 959 3966 uestra·
991 3916 1042 3964 Sed
1055 3915 1171 3980 qrramris
1179 3915 1213 3966 ab

113 3993 162 4042 nisi
176 3993 243 4058 qaod
255 3991 358 4057 Appius
370 4007 439 4044 nonu
452 3994 562 4058 primum
581 4007 645 4054 pre·
686 4009 718 4043 eo
730 3995 887 4056 imperatore
898 4005 991 4040 nomeu
1008 3990 1143 4054 haberent,
1160 3989 1214 4041 nou

115 4077 200 4120 turaru
223 4067 329 4130 lateret,
350 4066 459 4118 necdum
483 4067 509 4116 iu
531 4066 646 4116 Siciliam
688 4077 774 4118 tamen
789 4069 945 4131 ejasoutra
959 4075 1044 4131 eraut,
1059 4067 1105 4117 red
1126 4068 1216 4134 popnh'

115 4145 275 4208 provinciam
287 4151 345 4193 erut
357 4142 498 4207 protectur.
520 4143 590 4193 Hinc
603 4157 647 4206 pa·
688 4143 807 4194 Romani.

116 4227 154 4269 tet
163 4218 266 4269 Claudii
278 4219 399 4269 Marcelli
410 4229 495 4271 castra
502 4219 649 4284 intelligen-

182 4299 275 4361 Delpl.
285 4305 310 4349 rt
321 4299 380 4348 Ver.
392 4299 459 4349 Clas.
615 4299 710 4348 Licin.
1086 4301 1103 4347 d
1120 4297 1150 4348 Μ
