2917 4767
275 372 360 440 1628
758 386 795 436 u.
818 388 915 437 ιινιι

425 542 490 587 ιιι.
513 525 621 589 Nonss
642 526 779 590 Muttine
829 529 931 590 ceusu
950 530 1016 608 ejus
1037 529 1166 591 consilii
1186 528 1301 601 fueret.
1321 530 1393 612 qnod

433 623 497 703 ipso
516 624 574 683 sibi
594 644 640 683 res
656 626 808 705 triumpho
823 624 929 704 dignes
948 626 1069 705 gessisse
1090 626 1275 698 videbatur,
1295 640 1393 708 pucsts

289 725 421 777 vilmar.
433 718 553 779 tendem
577 718 718 781 Corsico:
742 740 838 801 neque
860 723 901 781 sb
920 730 1024 781 mouns
1043 723 1197 783 honorem
1218 742 1295 786 eum.
1308 725 1390 804 impe

273 804 313 840 ¹¹¹·
327 796 352 842 ⁶·
363 798 386 841 ⁵·
432 816 541 876 nubet.
578 814 677 898 quue
689 814 831 897 deinceps
842 817 1014 897 exemplum
1026 818 1132 879 multis
1145 817 1391 881 udimitstiosesr

433 910 558 991 plscuit,
577 922 612 972 nt
627 921 736 993 uegeto
751 912 810 972 sibi
824 914 974 993 triumpho
985 914 1017 973 iu
1030 913 1163 974 Albsuo
1177 922 1285 973 moute
1296 917 1390 977 trium·

274 1002 409 1117 'ffb-¹¹·
433 1008 569 1088 pluerent.
610 1009 766 1091 spectavit
783 1008 893 1069 deinde
916 1009 1004 1069 ludos
1024 1019 1125 1089 myrto
1149 1018 1327 1081 coronatus,
1344 1011 1389 1071 do

269 1102 423 1183 poium
434 1102 512 1166 lectu
523 1106 580 1166 lrec
592 1124 702 1166 corona
714 1106 754 1165 ob
766 1106 938 1165 memorium
952 1106 996 1165 rei
1007 1114 1109 1184 gestus,
1123 1105 1216 1186 quod
1237 1107 1269 1165 in
1286 1109 1389 1186 erumpis

270 1194 400 1279 ‘Myrtea'
434 1202 554 1281 myrteis
564 1200 673 1263 Corsos
684 1210 885 1281 supemverst.

270 1308 355 1357 Ζοιιιιι.
472 1302 522 1356 23.
545 1296 691 1357 Surdiniue
712 1295 903 1377 Corsicseque
923 1296 1051 1357 motibus
1066 1297 1261 1376 compositis,
1275 1295 1388 1374 Ligures

430 1392 592 1461 restabunt,
603 1390 744 1451 edversus
755 1412 831 1472 quos
842 1392 923 1452 missi
935 1391 1072 1452 consules
1084 1392 1134 1451 M.
1147 1392 1297 1453 AEmilius
1309 1392 1341 1451 Ι..
1354 1390 1385 1451 Ρ.

431 1485 473 1551 Q.
484 1485 529 1546 N.
545 1486 691 1555 Barbula,
703 1487 751 1546 M.
761 1486 871 1548 Junius
885 1487 928 1547 D.
939 1486 976 1548 F.
988 1486 1030 1546 D.
1042 1486 1087 1548 N.
1101 1486 1228 1557 Perus
1237 1489 1315 1547 inter
1326 1506 1385 1567 pro-

422 1578 618 1642 ·fioiscendum
640 1592 793 1663 comperto
814 1582 924 1643 Gsllos
944 1584 1033 1643 rebus
1054 1584 1142 1643 novis
1165 1583 1301 1653 studere,
1320 1581 1384 1642 fines

427 1676 547 1738 illorum
567 1698 635 1738 oum
658 1680 791 1739 exercitu
814 1681 1008 1739 intruserunt.
1061 1677 1202 1739 Irritutis
1224 1680 1305 1739 euim
1326 1678 1382 1754 lege

430 1771 578 1834 Fluminis
596 1773 755 1834 Gallorum
777 1776 995 1844 cuimisertus
1013 1784 1079 1835 erut
1097 1784 1202 1835 metus
1220 1774 1338 1842 Rome,
1349 1792 1381 1832 ue

428 1868 500 1948 quid
514 1870 687 1930 molirentur
698 1870 832 1930 homines
844 1871 906 1931 loeti
919 1870 1012 1941 bello,
1021 1877 1053 1931 et
1061 1870 1101 1929 sd
1113 1872 1196 1931 irem
1205 1870 1380 1952 prsecipitss:

427 1984 520 2043 qnare
538 1986 631 2047 nuper
648 1966 780 2027 edictum
797 1966 897 2026 inerim
911 1986 931 2025 s
948 1967 1186 2044 magistre-tibus,
1200 1966 1318 2045 nequis
1331 1964 1378 2023 lro·

427 2061 500 2120 mini
520 2060 615 2121 Gnllo
628 2080 733 2121 eurum
745 2063 795 2123 sel
812 2070 966 2141 ungentum
978 2061 1072 2121 duret.
1113 2062 1192 2121 Boii
1209 2062 1291 2120 enim
1306 2068 1377 2119 oete·

427 2156 509 2235 rique
532 2157 629 2229 Gelli,
652 2166 716 2217 turm
739 2178 779 2217 ex
802 2158 928 2217 elisium
950 2176 1059 2227 rerum,
1078 2166 1145 2217 tum
1168 2156 1375 2235 mancipiorum

426 2251 595 2311 venditione
621 2254 769 2330 ingentem
791 2253 949 2333 pecrmism
972 2253 1139 2330 cogebant:
1167 2253 1375 2328 incesseratque

426 2347 565 2424 suspicio,
578 2366 615 2405 ne
633 2348 692 2407 ists
708 2346 748 2406 ed
761 2347 872 2408 bellum
885 2346 1059 2407 &insonus
1072 2356 1240 2409 uterentur.
1282 2345 1373 2411 Qum

425 2441 520 2516 magis
538 2443 627 2500 etium
647 2442 775 2513 inciteti,
786 2444 906 2520 cognito
925 2443 1097 2503 consulibus
1113 2442 1301 2521 ligusticum
1317 2437 1372 2497 bel·

426 2535 488 2593 lum
501 2554 563 2594 esse
575 2535 739 2606 decretum,
752 2535 878 2595 occultis
886 2535 1019 2595 consiliis
1028 2538 1084 2595 lucc
1092 2556 1185 2613 egere
1194 2535 1370 2601 dicebsutur‚

280 2644 366 2711 Polyb,
380 2662 412 2701 n.
425 2638 460 2688 ut
477 2631 657 2691 exercitibus
677 2628 824 2689 Romenis
842 2630 1034 2710 expeditione
1055 2631 1225 2711 longinque
1243 2629 1369 2695 detentis,

264 2712 340 2821 ἔξω
423 2726 480 2805 ipsi
501 2726 603 2786 urbem
624 2724 862 2805 aggrederentur.
908 2724 1051 2785 Ceterum
1071 2726 1205 2787 sdventu
1225 2724 1367 2786 consulum

339 2809 347 2824 ’
423 2822 528 2892 territi,
550 2840 619 2882 cum
640 2821 680 2881 ud
699 2822 761 2881 viru
782 2820 951 2881 luciendsm
970 2820 1108 2901 imperati
1131 2831 1243 2891 ement,
1263 2820 1366 2879 Rome

423 2928 477 2976 nos
494 2919 524 2976 in
546 2918 629 2998 pecie
642 2916 840 2995 amicitiisque
851 2918 981 2997 speciem
998 2916 1147 2977 simuletis
1159 2916 1309 2996 obsequiis
1318 2930 1364 2971 eu·

417 3032 537 3093 cepere.
585 3012 733 3074 Consules
751 3032 881 3092 quoqne,
901 3012 1014 3073 bellum
1032 3016 1212 3093 oppressisse
1233 3009 1363 3075 minuti.

421 3128 541 3169 osussrn
554 3130 607 3170 cur
619 3128 655 3169 eo
668 3108 817 3169 venissent
832 3106 957 3179 finxere,
969 3119 978 3146 ⁴
991 3118 1025 3169 ut
1036 3130 1089 3190 per
1102 3108 1259 3171 Gellicum
1271 3120 1362 3182 epum

422 3206 603 3265 commodius
620 3206 783 3265 exercitum
801 3206 832 3263 in
845 3204 997 3282 Ligurium
1009 3205 1171 3266 ducereot'
1215 3202 1361 3283 Superiore

422 3320 501 3361 enno
513 3320 647 3360 censores
658 3300 734 3360 vitio
743 3300 820 3363 lecti
830 3301 1059 3362 abdicaverunt:
1081 3303 1182 3382 iusque
1194 3283 1358 3360 nis'densn

259 3396 411 3481 Γιιιῑόιρῑι.
421 3396 591 3457 consulibus
604 3396 645 3461 Q.
660 3395 774 3455 Fabius
782 3397 825 3463 Q.
840 3396 876 3455 F.
890 3397 933 3463 Q.
947 3395 992 3456 N.
1007 3396 1161 3457 Maximus
1177 3397 1358 3459 verrucosus.

423 3490 469 3549 Μ.
484 3490 676 3572 Sempronius
690 3489 728 3551 O.
742 3492 779 3552 F.
793 3492 840 3552 M.
855 3491 901 3552 N.
913 3492 1090 3562 Tuditanus,
1103 3493 1227 3553 lustrum
1242 3490 1356 3571 primm

421 3594 451 3643 et
463 3587 718 3666 quadragesimum
729 3587 898 3648 condidere.

461 3688 511 3741 24.
533 3682 613 3743 Dum
635 3685 699 3743 liaec
721 3685 751 3743 in
775 3683 869 3744 Itulis
890 3693 921 3744 et
943 3686 1015 3743 urbe
1038 3693 1189 3761 gerunmr,
1210 3681 1275 3743 nori
1294 3691 1352 3736 ⁰⁰¹⁰

275 3790 363 3856 Polyb.
378 3806 408 3843 ιι.
422 3776 536 3859 Illyriis
562 3779 633 3837 belli
660 3799 757 3853 ceusae
783 3780 894 3839 talibus
916 3780 1009 3839 initiis
1030 3781 1202 3839 extiterunt.
1253 3769 1352 3851 Illyrii.

419 3874 503 3935 lerox
516 3883 547 3935 et
559 3874 678 3934 auidum
691 3874 800 3953 praedae
812 3894 914 3953 genus,
928 3876 1084 3955 piraticum
1096 3874 1243 3941 iaciendo,
1256 3866 1351 3928 muli&

275 3950 325 3999 ¹³⁵⁰
352 3968 391 4017 sp.
422 3968 594 4031 Italicorum
614 3970 841 4048 negotiatorum,
857 3970 1038 4031 Brundisino
1057 3981 1143 4052 postu
1162 3977 1348 4050 egreoemoe·

256 4013 408 4142 {puppinus
420 4077 541 4145 perunt3
564 4066 720 4128 nonnullos
731 4087 850 4145 qnoque
862 4065 1091 4127 trucidaverunt.
1134 4066 1178 4127 Bt
1191 4066 1281 4146 primo
1290 4053 1348 4135 qui·

639 4218 656 4261 s
669 4217 702 4269 A.
713 4219 746 4268 U.
759 4219 856 4269 (2522.
874 4218 906 4268 Α.
918 4218 949 4268 C.
959 4222 1017 4267 28⁰.
