2917 4767
366 351 371 358 '
453 374 527 424 nte.
550 373 670 423 xxrrr.
693 374 776 422 our.
796 357 851 423 38.
1119 359 1205 425 1959

79 539 184 604 qum
199 539 219 584 e
233 517 361 602 populo
376 517 531 583 Romano
547 517 748 592 defecerant,
761 518 796 582 vi
812 523 948 601 receptu
962 537 1022 600 per
1034 517 1086 583 Μ.
1099 517 1206 584 Vele-

79 622 192 684 rium
226 625 416 702 pretorem,
445 618 662 692 Vercellium,
691 617 911 697 Vescellium,
942 618 1139 684 Sicilinum:
1174 628 1208 685 et

82 720 302 786 auctores⁸¹
320 719 519 784 delectionis
539 720 646 783 securi
662 720 827 802 percussi.
872 719 983 803 Supra
997 720 1089 785 mille
1103 723 1208 805 eapti·

81 842 222 887 vorum
248 823 312 884 sub
338 820 437 884 hasla
455 820 653 885 venierunt:
675 820 793 902 praeda
815 820 884 883 elia
907 821 1006 886 militi
1033 840 1207 901 concesse,

85 925 277 988 exercitus
293 920 470 985 Luceriam
490 920 691 985 reductus.⁹⁸

147 1025 205 1090 38.
227 1024 319 1087 Dum
344 1023 416 1087 haec
440 1023 476 1085 in
500 1020 650 1086 Lucanis
674 1027 775 1105 etque
799 1021 834 1085 iu
859 1022 1016 1105 Hirpinis
1041 1033 1208 1106 geruntur,

86 1129 255 1210 quinque
271 1143 385 1201 neree,
401 1141 479 1206 quae
505 1122 730 1187 Macedonum
757 1130 857 1207 etque
881 1122 1065 1189 Poenorum
1085 1135 1208 1209 captos

86 1229 239 1310 legatos
255 1226 400 1290 Romam
417 1224 604 1309 portabunt,
620 1224 663 1288 ub
687 1242 809 1306 supero
825 1225 907 1287 meri
923 1225 966 1288 ed
984 1225 1127 1290 inferum
1143 1228 1209 1292 eir·

90 1335 295 1394 cumvectae
321 1345 424 1410 prope
448 1332 574 1388 omnem
591 1323 700 1388 ltaliae
721 1344 824 1401 orem,
840 1345 917 1390 curn
945 1333 1068 1408 praeter
1082 1326 1209 1391 Cumas

91 1432 193 1494 velis
219 1431 385 1504 ferrentur,
410 1445 534 1510 neque,
555 1424 698 1488 hostium
724 1444 767 1488 an
794 1428 961 1491 sociorum
984 1437 1110 1503 essent,
1126 1428 1209 1492 setis

93 1532 258 1608 sciretur,
269 1528 445 1594 Gracchus
459 1524 592 1592 obviam
609 1543 653 1589 ex
668 1525 780 1590 classe
792 1547 856 1591 sue
866 1547 972 1593 neves
987 1529 1090 1593 misit.
1122 1528 1209 1592 Cum
1236 1611 1242 1622 =

575 1702 746 1725 nonnum

98 1827 228 1886 pern—7
247 1823 376 1872 Hominem
393 1820 460 1871 Edd.
480 1819 787 1872 curcumcisione
806 1822 926 1886 plerique
944 1825 1059 1872 Mtte-tl
1083 1825 1211 1874 ‘Vercelli-

95 1903 154 1948 ιιι,
167 1887 312 1948 Vercellium,
323 1886 449 1936 Sicilinurn
456 1901 465 1942 ,·
476 1890 615 1934 elceclmcr
625 1892 677 1936 cet.
686 1899 719 1933 ex
731 1887 836 1948 optimis
849 1889 914 1937 Mne.
925 1903 982 1936 curn
991 1887 1091 1937 Stroth.
1104 1903 1209 1937 revoce-

98 1954 141 2013 vi,
159 1960 192 2001 ut
210 1953 261 2002 tris
278 1955 330 2000 rint
347 1951 518 2013 Hirpinorum
536 1949 642 2012 oppidu,
660 1963 676 1998 e
691 1949 786 2013 quibus
799 1952 914 2000 editores
927 1953 1055 2012 nominer,
1066 1954 1209 2016 etquidem

97 2017 170 2066 dnos
183 2014 431 2076 tuntum,l'ecerunt.
470 2013 610 2062 Vercellium
628 2013 785 2076 Siciliamque
796 2021 820 2066 el
835 2018 1005 2065 necteretur.
1056 2018 1130 2065 crurit
1143 2018 1210 2066 Edd.

99 2083 182 2143 prim.
215 2085 348 2143 Μυκη.
365 2077 492 2128 Vercelliur
508 2077 652 2139 Siciliaeque
671 2081 780 2127 rectem
790 2080 815 2128 d.
829 2095 850 2128 e.
864 2080 969 2142 percurri
982 2079 1003 2128 E
1023 2080 1049 2128 d.
1061 2095 1076 2129 e
1088 2081 1210 2143 lingunt.

100 2159 206 2195 corner.
240 2146 360 2194 Ceterum
373 2145 430 2206 ipre
442 2140 626 2204 oppiunnndte
640 2141 816 2204 incognitum
827 2146 930 2193 nornine
941 2142 1011 2193 forte
1022 2154 1154 2208 corrupte.
1178 2145 1210 2194 ln

100 2207 259 2272 quibusdem
280 2209 345 2256 Mer.
366 2207 491 2255 l'ercellunr
507 2215 534 2253 et
554 2205 666 2254 Siciliuut
683 2205 789 2268 legitur.
822 2207 932 2257 Sicilietn
947 2209 1171 2272 eDiorrysio,etsi
1184 2210 1211 2258 iu

100 2273 270 2328 Tiburtibus,
280 2271 416 2322 memorari
429 2268 529 2318 monuit
545 2267 626 2318 (iren.
645 2267 713 2317 idern
734 2284 767 2318 ue
784 2273 902 2332 putebat,
914 2287 929 2321 e
939 2273 1070 2322 Vercellre
1081 2288 1101 2321 r.
1113 2274 1212 2322 Viscel-

101 2337 140 2386 lio
161 2347 215 2385 tuur
225 2339 311 2386 Jorem
325 2336 453 2386 Vicilinrrnr
471 2346 549 2382 xxiv.
561 2337 601 2382 tr.
612 2337 636 2380 d.
654 2285 753 2396 (nhiln
765 2335 817 2384 ltin.
831 2337 892 2386 Put.
911 2343 938 2386 et
953 2338 1015 2387 Pet.
1032 2338 1129 2398 legitur
1142 2338 1212 2386 ,lecit

106 2401 220 2464 Vicilini)
233 2409 286 2449 turn
304 2400 348 2461 Sp.
370 2400 479 2448 Curtium
495 2397 646 2446 Viscellinuur
663 2397 761 2447 dictum
777 2397 866 2448 fuisse.
899 2401 977 2450 Forte
990 2401 1040 2464 leg.
1053 2402 1212 2465 Herdonium,

102 2465 251 2522 Abellinum,
262 2466 413 2525 AErnlunmn,
432 2462 529 2525 oppidu
542 2461 711 2523 Hirpinorum
724 2462 809 2524 nobie,
819 2478 872 2513 nou
887 2465 1010 2528 libreriir,
1019 2467 1141 2516 notiore!
1159 2467 1212 2515 Re·

100 2535 221 2593 perte-9
245 2530 374 2579 Exercitus
386 2529 475 2576 Curuus
485 2529 595 2575 reducite
606 2525 673 2574 Edd·
685 2533 747 2576 ente
758 2526 876 2578 Gronov.

602 2667 715 2720 NOTAE

140 2781 151 2806 ¹
171 2773 319 2833 Vercellium,
331 2771 480 2832 Vercellium,
495 2769 638 2819 Sieilinunr:
679 2767 726 2816 ler.
746 2776 820 2819 certe
839 2769 971 2819 Maximus
988 2769 1032 2818 lib.
1051 2782 1091 2818 rx.
1108 2782 1166 2831 cep.
1186 2773 1212 2818 ἱ.

104 2855 130 2900 el
141 2847 258 2910 muner]
275 2848 318 2896 Sic
331 2862 362 2895 rx
380 2847 440 2896 Put.
458 2850 486 2894 et
497 2845 589 2894 Peter.
601 2844 637 2892 le·
679 2849 777 2906 cerret,
794 2843 928 2893 Hennibnl
939 2845 1007 2893 ernin
1025 2841 1130 2892 domiue
1145 2845 1212 2893 Ver·

107 2925 148 2988 git
160 2923 275 2973 Gronov.
287 2929 412 2985 notatque
428 2935 462 2969 ex
480 2920 563 2969 tribur
578 2919 637 2967 llir·
680 2919 748 2980 gello
759 2919 1041 2981 corporiburltomeoir
1053 2927 1132 2982 ponte
1141 2916 1212 2976 secto

107 3001 227 3062 pinorum
239 2996 341 3060 oppidis
352 2995 436 3045 luctor
448 2995 482 3044 ab
493 2993 638 3044 editoribus
680 2992 826 3042 exercitum
849 2993 1012 3043 trudunlete:
1040 2993 1109 3058 quod
1132 2993 1213 3044 Silius

106 3077 239 3124 ltorninee:
257 3073 490 3136 scripseruntenlm
502 3069 640 3128 Vercellinr,
680 3069 776 3135 aliique
793 3070 827 3119 de
846 3069 942 3119 Aufido
960 3079 1113 3119 memorent.
1149 3069 1209 3120 Nec

109 3152 254 3214 Siculaque
263 3156 359 3200 autom
369 3147 513 3208 desectionis.
541 3147 576 3195 Et
586 3146 640 3209 pri·
680 3158 785 3207 norum,
797 3144 948 3195 chrictinnir
963 3145 1043 3194 eserie
1055 3145 1214 3208 constitutit,

108 3243 151 3276 rno
163 3227 208 3276 lib.
220 3239 298 3275 xxiv.
310 3240 367 3287 erp.
376 3229 418 3275 tl.
430 3223 585 3272 mentionem
594 3220 639 3270 tie-
680 3221 790 3284 tutique
801 3221 915 3270 locorum
934 3220 1058 3271 nocebulu
1069 3219 1095 3268 in
1110 3227 1212 3269 eructo-

109 3305 131 3352 ri
155 3302 277 3351 observet
298 3302 368 3350 Jocir
399 3299 499 3349 Vicilini
525 3299 551 3347 in
577 3311 639 3361 egro
680 3309 738 3344 ruru
754 3294 884 3344 nominum
903 3295 971 3344 hund
991 3296 1098 3343 multum
1117 3295 1215 3344 disten·

109 3379 266 3440 Cornptnuo,
292 3377 336 3440 qui
364 3389 426 3438 eger
456 3375 483 3422 lu
512 3372 641 3436 Hirpinis.
681 3377 722 3419 ten
740 3371 929 3433 appelletioner
949 3377 1057 3420 runtete.
1091 3371 1131 3419 Ex
1150 3369 1214 3419 diei·

110 3453 183 3503 llinc
207 3452 345 3502 Vercellium
372 3466 418 3500 seu
443 3449 556 3499 Viciliurn
588 3462 639 3497 uon
680 3447 729 3495 lino
749 3445 846 3496 fectum
864 3446 969 3496 ferriteri
988 3447 1083 3503 Serinc,
1103 3447 1153 3496 teci
1171 3460 1215 3496 no·

111 3529 202 3592 procul
213 3529 327 3590 compes
337 3525 415 3576 sulem
427 3527 557 3587 conjicere
569 3524 641 3572 licet.
681 3535 741 3570 men
762 3523 839 3586 paulo
857 3520 925 3571 intre
940 3521 1030 3572 Sebntl
1052 3522 1134 3571 renuis
1155 3520 1214 3572 lon·

110 3604 221 3668 Reliqne
237 3602 289 3651 duo
304 3602 370 3663 loce,
388 3609 417 3649 ut
429 3602 524 3650 ceteris
534 3600 642 3662 scripto·
682 3603 734 3646 ten.

111 3679 184 3727 ribus
203 3678 344 3740 incognite,
361 3691 412 3740 que
429 3687 504 3740 perte
518 3675 642 3738 Hirpino·
714 3683 723 3708 ⁸
741 3677 869 3726 &uritur
878 3676 1005 3726 Lueriam
1015 3674 1138 3736 κόπω]
1149 3676 1214 3726 Vul-

110 3769 166 3804 rum
179 3752 287 3814 fuerint,
299 3753 413 3803 diripere
423 3753 491 3802 bend
504 3757 642 3814 prorutum.
681 3766 715 3816 go
729 3754 826 3811 cm,
837 3751 877 3800 rel
888 3753 1122 3815 cmuciatu·
1147 3751 1216 3800 Gro-

111 3829 192 3878 Forte
203 3828 335 3878 detortum
348 3843 380 3878 ex
398 3827 512 3878 Vercellie
523 3841 568 3876 reu
584 3827 643 3875 Ver·
682 3841 742 3877 nor.
758 3841 792 3876 ex
807 3827 869 3875 Put.
887 3833 915 3874 et
929 3826 989 3875 Pet.
1005 3826 1049 3875 ubi
1066 3828 1158 3874 mrim
1175 3839 1215 3874 re·

108 3905 173 3964 gello
196 3918 290 3952 nomen
313 3903 399 3960 Mente
421 3904 546 3965 Vergine5
573 3900 642 3964 quod
682 3904 778 3965 ductet,
792 3899 857 3950 fecit
878 3900 1005 3950 aneriurn
1018 3903 1146 3950 reductus:
1171 3901 1214 3950 cui

111 3978 237 4042 oppidum
255 3977 479 4027 estedrlutidurn
499 3975 640 4030 inl’rinci·
683 3975 831 4026 subscribo.
876 3975 945 4023 Nem
963 3974 1051 4024 Cumis
1075 3972 1212 4024 obeidebe·

111 4061 174 4118 patu
188 4053 314 4102 ulteriori.
348 4055 380 4102 Et
392 4067 455 4102 vern
467 4051 586 4108 Aufidus,
596 4051 639 4115 qui
681 4059 725 4102 tur
736 4049 823 4099 consul
833 4049 1000 4112 Sempronius
1009 4049 1158 4099 Grecclrus:
1171 4047 1214 4097 lric

111 4141 139 4182 ct
162 4131 254 4179 Cunna
275 4145 385 4194 utroque,
410 4131 510 4180 Vercelli
538 4127 641 4178 nomine
681 4133 768 4178 entem
788 4126 875 4188 egitur
893 4124 927 4175 de
948 4123 1067 4176 exercitu
1081 4125 1120 4177 Μ.
1137 4123 1215 4174 Vale·

112 4207 197 4272 ulique
212 4207 251 4255 sni
269 4213 345 4269 perte
356 4206 441 4257 dictur
452 4205 564 4255 ridetur.
589 4204 642 4253 Ve·
682 4203 714 4253 rii
726 4200 857 4266 praetorir.
