2917 4767
438 316 542 367 unsar
568 316 651 365 xvi.
673 316 997 369 suennnunuruu.
1190 308 1277 375 1⁶19

130 463 257 534 Μ’·
269 457 424 519 misum
434 461 506 537 “ivl
518 457 646 539 fretique
656 458 810 519 nanuum
824 478 843 519 a
857 458 1109 539 cummium.
1138 471 1212 525 Dm,
1221 431 1275 531 ᾖ.

133 550 200 610 ¹³¹¹*
213 552 373 631 proditum
384 555 561 634 wimbis,
570 574 638 613 eun
646 554 785 632 ambigue
797 566 893 615 mente
905 557 999 617 multu
1007 576 1106 619 meum
1122 536 1138 587 ¹·
1152 554 1233 589 ”¹¹¹⁴

135 648 294 724 agitaret,
306 649 346 709 de
357 670 474 711 summa
485 670 578 711 rerum
590 651 686 710 vereri
696 652 802 731 erepit:
824 652 1023 733 proximeque
1035 674 1105 715 noe·
1136 664 1223 733 Polyb.
1235 683 1255 721 r.

132 742 179 801 tis
199 744 331 805 silentio
342 746 447 826 eopiar
458 745 563 806 eduxit
574 746 734 817 eastris-et
745 755 884 809 eonteuto
896 748 999 809 itinere
1013 747 1105 829 Syra·
1118 732 1159 781 ¹²·

132 858 236 900 cus
250 841 374 920 refugit.
423 890 428 899 ,
571 892 596 901 ..
692 881 696 898 ·
865 895 869 903 .

179 938 243 997 36.
269 937 318 996 Eo
330 945 473 998 summoto
485 936 616 1019 Appius,
628 956 697 997 eum
708 945 817 999 terrore
834 938 965 999 uictoria
982 942 1106 1003 reeenu's
1116 956 1200 1008 zeum

131 1028 178 1089 ad
196 1031 334 1093 *Poenoa
357 1053 474 1113 quoque
496 1030 690 1093 debellandos
708 1034 752 1093 uti
775 1034 877 1106 vellet,
903 1034 1045 1097 militibus
1071 1045 1106 1097 ut
1116 1054 1201 1120 Polyb.

134 1125 256 1187 eibum
276 1130 401 1208 tempori
421 1129 542 1208 capiant
560 1128 702 1207 imperat:
730 1128 837 1189 deinde
859 1128 1025 1191 albescente
1037 1134 1104 1210 Jum

135 1219 194 1281 ‹lie
208 1243 393 1302 progressus,
401 1223 665 1287 casusPoeuorum
672 1244 841 1305 oppugnare
854 1225 987 1285 instituit.
1009 1226 1104 1289 Erunt
1115 1250 1200 1300 zm,

135 1315 215 1377 hae
238 1317 308 1377 loeo
325 1320 398 1378 satis
416 1327 481 1377 tuto
500 1317 608 1398 posita,
621 1328 653 1379 et
663 1328 768 1380 nstrrrs
788 1339 935 1401 msnuque
947 1320 1104 1401 diligenter

135 1414 343 1489 pemunitur.
366 1412 436 1473 bine
453 1432 543 1485 mue,
557 1412 625 1473 inde
641 1414 793 1494 profunde
806 1416 940 1497 psludes,
954 1418 984 1477 iu
997 1418 1103 1499 penin-

120 1506 221 1565 ·sulse
243 1507 336 1567 ferme
356 1508 496 1587 speeiem,
509 1510 680 1570 ambibunt:
701 1512 778 1571 inter
797 1510 851 1572 bes
865 1521 1018 1591 unguntum
1031 1534 1100 1595 spa·

136 1600 235 1673 tium,
257 1623 319 1681 quo
339 1622 398 1662 nno
418 1603 493 1664 adiri
513 1612 641 1683 poterat,
653 1605 761 1665 duetus
772 1606 926 1667 adversum
939 1608 1101 1689 irrupturos

137 1716 248 1758 murus
259 1699 443 1778 obsepiebat„
477 1696 542 1758 Hie
555 1699 606 1757 ubi
619 1699 678 1759 vim
690 1699 827 1771 fecissent
840 1702 970 1763 Romani
981 1703 1100 1777 milites,

138 1812 243 1872 neque
260 1793 393 1853 locorum
412 1792 498 1853 simul
512 1794 707 1875 iniquitatem,
720 1805 752 1855 et
765 1799 1009 1878 propugnantium
1023 1799 1101 1883 mul·

136 1887 304 1948 titudinem
316 1890 432 1949 vinoere
444 1898 572 1969 possent,
584 1889 743 1949 missilibus
763 1892 902 1963 maxime,
916 1894 992 1952 sieut
1005 1893 1035 1952 in
1044 1914 1097 1959 ,ur-

137 1982 227 2043 bium
239 1984 458 2063 oppugnatione
475 1983 560 2055 solet,
572 2004 633 2045 rem
654 1984 822 2063 gerentibus
834 1984 947 2053 Poenis,
961 1987 1042 2046 irrito
1053 1987 1097 2049 in·

137 2088 232 2158 cepto
243 2080 385 2139 desistere
395 2080 493 2140 eoacti
507 2088 697 2140 reeesserunt.
739 2078 826 2159 Saepe
842 2080 872 2139 in
884 2079 971 2141 bellis
983 2080 1096 2145 meliori

138 2173 271 2237 forme
293 2177 392 2237 laeum
411 2197 475 2236 sors
492 2175 602 2248 siurim,
624 2184 657 2237 et
676 2175 792 2235 adversi
805 2174 843 2235 ab
857 2174 941 2236 initio
952 2195 1038 2239 casus
1050 2176 1093 2239 fe·

137 2288 228 2331 oere:
248 2271 322 2331 dum
344 2272 391 2331 bis
413 2271 525 2342 affecti,
546 2272 676 2331 oonsiliis
696 2270 857 2349 animisque
871 2272 1093 2351 majoribusso·

138 2375 263 2445 eeptnm
288 2367 495 2428 detrimentum
520 2367 627 2429 sereire
644 2364 787 2437 mount,
820 2365 918 2427 bostes
943 2366 1094 2433 felicitatis

140 2461 281 2540 opinione
301 2462 414 2523 blanda
434 2462 581 2533 fascinati,
592 2482 704 2542 neque,
716 2462 787 2521 satis
804 2460 957 2526 adversum
971 2461 1091 2528 fortuite

139 2557 341 2635 prrofflentes,
354 2558 384 2617 in
395 2558 590 2618 temeritatem
602 2557 782 2618 auferuntur.
799 2614 802 2621 ,

139 2696 148 2705 -
178 2659 232 2715 87.
254 2652 348 2719 Quod
372 2654 425 2715 illo
445 2664 576 2731 tempore
596 2652 887 2727 Csrtbeginiensibus
910 2673 964 2713 usu
989 2655 1088 2715 venit:

138 2749 190 2826 qui
215 2748 357 2827 repulisse
381 2749 497 2809 bostem
522 2764 580 2807 uon
602 2744 744 2813 contenti,
766 2753 908 2824 tanquam
931 2745 1091 2823 fugientem

128 2844 293 2922 eruptione
305 2861 345 2901 ex
358 2841 460 2901 caruis
473 2840 555 2901 laeta
566 2841 825 2920 persequebantur,
836 2858 896 2899 suae
907 2839 1018 2913 uirtuti,
1032 2863 1090 2923 non

136 2938 294 2998 numitioni
306 2936 436 2997 locorum
449 2936 603 3001 Romanos
612 2935 732 2997 oeoeisse
744 2934 956 2997 existimantes.
981 2934 1089 3018 Itaque

135 3042 295 3113 postquam
315 3053 354 3094 ex
376 3033 516 3111 augustiis
534 3031 641 3111 quibus
659 3028 772 3091 defensi
785 3028 901 3089 fueraut
913 3050 1087 3109 prooessere.

128 3138 253 3191 nutum
263 3148 335 3191 oum
346 3128 412 3195 looo
425 3127 549 3191 fortuna
561 3127 667 3208 prelii,
680 3144 861 3205 magnusque
874 3146 973 3186 eorum
985 3146 1086 3197 nnme-

133 3244 183 3283 rus
194 3244 293 3283 nesus
304 3233 366 3284 est:
387 3224 491 3303 reliqui
512 3223 551 3283 ad
572 3231 680 3292 eastra.
695 3240 779 3302 ‚pars‚
794 3229 826 3281 ut
837 3222 943 3301 cuique
956 3223 1085 3285 maxime
1097 3248 1185 3317 Polyb.

132 3328 284 3397 promtum
296 3327 371 3391 erat,
384 3320 413 3380 in
425 3320 512 3379 urbm
523 3318 726 3396 circumjectos
735 3316 888 3396 diffugere,
899 3337 993 3398 neque
1001 3317 1083 3379 ‹lein-

131 3413 371 3494 superintendis
393 3414 540 3475 Musaue
563 3412 708 3473 Claudius
726 3412 793 3485 fuit,
810 3414 912 3474 eastris
924 3414 983 3475 suis
994 3434 1082 3477 exee-
1095 3439 1177 3490 zm,

131 3510 204 3571 dere
215 3520 288 3570 sunt
299 3511 371 3571 susi.
413 3509 526 3571 Consrrl
538 3509 628 3576 etiam
640 3527 708 3573 eum
725 3517 831 3571 nature
846 3509 904 3569 loei
916 3520 947 3577 et
958 3510 1081 3575 difficul-

132 3614 197 3666 aute
217 3606 293 3669 sima
311 3608 419 3667 iterato
439 3625 568 3686 pugnare
587 3605 706 3667 minime
724 3605 891 3669 consultum
914 3606 1080 3677 arbitrsms,

124 3719 204 3761 eum
215 3709 332 3782 tempus
353 3702 395 3762 ibi
415 3701 521 3763 numu
541 3711 634 3761 terere
646 3700 771 3771 videret,
784 3699 919 3781 prasidio
934 3700 1080 3761 Messene

129 3795 235 3863 mileto
246 3799 277 3858 in
293 3796 543 3877 Syrsemannrnm
554 3796 755 3877 sociorumque
772 3795 846 3857 fines
865 3795 1080 3874 impressionem

131 3890 202 3954 feeit
210 3914 221 3962 ;
243 3894 339 3973 iime
351 3893 469 3973 impune
480 3892 612 3965 emistis,
629 3901 743 3953 tuntum
756 3890 892 3970 eonoepit
908 3887 1035 3959 fiducie,
1048 3897 1081 3951 ut
1090 3909 1181 3979 Polyb.

126 3990 190 4067 jam
202 3988 244 4049 ad
257 3989 337 4069 ipsas
348 3987 511 4069 Syracusas
521 3988 682 4049 exereitum
693 3986 815 4048 auderet
826 3985 991 4044 admovere.
1013 3982 1078 4044 Ve-
1090 4007 1175 4065 zm,

130 4084 171 4145 ria
183 4086 226 4147 ibi
237 4084 362 4147 fortuna
368 4091 513 4145 oertstum
523 4093 586 4148 est:
606 4083 695 4146 semei
707 4084 797 4145 etiam
814 4078 917 4143 eousul
928 4098 1034 4161 magno
1047 4080 1077 4141 in
