2917 4767
361 364 463 414 nrnnr
490 366 563 415 x11.
586 334 910 417 sunnusnnurnn.
1126 346 1211 413 142⁵

91 511 200 573 derum
213 510 300 569 illata
320 513 482 584 mentione,
496 513 543 572 fas
555 530 617 573 esse
631 512 778 572 Romanis
792 523 883 591 negat
895 512 1048 573 Lacinium

93 608 327 687 promontorium
345 608 628 687 praetemevigandi:
652 608 789 667 ‘obviam
807 610 842 667 iri
854 608 961 669 stolide
973 609 1049 668 fero-

95 703 178 762 cibus
185 703 332 773 barbaris,
341 704 567 783 superbiamque
576 703 655 764 malo
662 705 811 774 coerceril
816 705 914 782 jubet.
936 703 1050 763 Accla-

95 807 155 856 mat
168 800 330 857 temerarie
343 798 512 869 multitudo,
531 820 590 879 prae
606 799 747 859 continua
762 800 886 879 crapula
903 820 961 859 non
974 801 1051 860 bene

94 894 200 953 mentis
214 914 352 973 compos.
395 894 536 954 Hominis
553 895 705 954 fedissimi
716 894 755 955 de
768 904 852 955 tants
864 916 895 955 re
908 894 1053 955 sententie

94 990 229 1049 omnium
244 1009 366 1049 assensu
381 990 541 1069 accipitur:
568 1011 622 1049 nec
637 1010 728 1060 mora,
743 991 905 1050 decurritur
918 990 958 1049 ad
971 1010 1054 1049 arma

96 1104 261 1163 naresque.
284 1084 429 1154 Romani,
440 1085 550 1145 nnllam
558 1086 597 1146 ad
604 1106 665 1145 rem
676 1087 772 1145 minus
780 1085 914 1164 quamed
926 1104 1054 1164 pugnum

97 1180 206 1258 parati,
231 1178 313 1257 fugae
331 1200 362 1239 se
383 1181 578 1239 committunt.
613 1180 675 1240 Sed
688 1181 822 1241 celeriter
836 1180 1055 1259 insequentibus

97 1273 271 1333 Tarentinis
298 1274 429 1335 eradunt
448 1296 538 1335 nares
558 1278 705 1356 quinque:
738 1277 860 1336 totidem
885 1296 905 1335 a
924 1275 1055 1355 pluribus
1083 1285 1133 1334 Dio
1154 1289 1218 1349 apud

99 1370 313 1429 circumventae
330 1371 359 1428 in
382 1380 497 1449 portum
519 1371 704 1449 rediguntur:
734 1394 774 1432 ex
794 1373 841 1431 bis
854 1372 1055 1452 deprimuntur
1067 1350 1220 1400 ffl'·U“l¹¹·

102 1485 172 1525 cum
187 1465 251 1543 ipso
262 1464 419 1525 duumviro
432 1475 574 1544 quatuor:
597 1487 657 1527 une
669 1468 802 1546 capitur:
823 1467 954 1526 homiues
967 1474 1056 1525 :etate
1069 1417 1187 1527 iiiiii.
1197 1482 1221 1527 1.

101 1570 134 1620 et
148 1562 257 1621 robore
277 1561 398 1619 milituri
414 1561 646 1629 interficiuntur:
668 1572 768 1623 cetere
785 1565 871 1622 turba
886 1564 917 1621 in
937 1564 1057 1621 servitu·
1069 1544 1169 1655 {⁰¹¹⁸ss

102 1666 164 1715 tem
192 1654 342 1714 vendatur.
387 1656 463 1716 nox
490 1657 529 1716 aa
555 1658 659 1717 eadem
686 1658 775 1717 animi
801 1658 922 1717 revise
947 1656 1059 1718 arrum
1095 1623 1128 1671 ⁹⁹
1170 1639 1179 1657 '

102 1750 247 1811 Thurinis
260 1750 398 1821 inserunt,
413 1752 616 1813 criminantes‘
627 1774 825 1834 eornmopera
839 1753 1009 1813 Romanum
1023 1772 1061 1812 ea

107 1847 138 1904 iu
152 1846 223 1905 loca
233 1848 360 1917 senisse,
373 1848 436 1925 qui,
450 1846 549 1907 Graeci
565 1868 632 1907 curn
646 1859 754 1918 essent,
767 1850 924 1908 barbaram
932 1856 1060 1925 gentem,

110 1961 203 2023 quam
216 1950 355 2019 cognatos
366 1942 536 2022 vicinosque
548 1942 736 2013 Tarentinos,
748 1944 845 2002 dubiis
857 1943 944 2000 rebus
958 1941 1063 2000 delen-

108 2056 191 2097 sorer
218 2037 325 2095 hebere
347 2036 536 2097 malniaeeut!
579 2038 663 2099 Urbs
689 2039 719 2097 in
741 2047 916 2117 potestutem
942 2035 1064 2096 redacta

108 2131 263 2213 diripitur:
279 2133 434 2209 ejiciuntur
447 2134 608 2214 principes:
626 2134 791 2213 presidium
807 2132 978 2193 Romanum
991 2151 1062 2211 pac·

108 2238 140 2287 ta
153 2228 358 2287 incolumitate
372 2228 538 2290 dimittitur.

149 2332 181 2384 ⁰.
205 2322 317 2383 Romae
330 2346 361 2383 re
374 2318 486 2393 audita,
500 2335 564 2384 erat
576 2326 693 2403 quidem
707 2346 759 2405 pro
771 2323 972 2402 magnitudine
986 2323 1063 2401 injn·
1077 2324 1135 2375 Dio.

112 2420 162 2478 rire
178 2439 237 2477 uon
251 2420 326 2479 levis
339 2420 516 2497 indignatio:
537 2421 589 2479 sed
603 2420 712 2479 bellum
723 2441 830 2480 norum
842 2440 880 2479 ea
890 2427 1064 2499 tempestate

113 2516 190 2573 sumi
209 2535 268 2573 non
286 2515 408 2594 placuit.
450 2515 584 2593 Legatio,
604 2536 672 2595 quae
693 2516 731 2574 de
753 2516 865 2594 injuriis
885 2524 1063 2594 quereretur,
1093 2524 1147 2572 Lir.
1164 2524 1210 2587 Ep.

114 2611 248 2681 decreta,
264 2611 493 2689 mandatumque
518 2611 632 2689 legatis,
651 2620 700 2670 ‘ut
719 2622 824 2691 captos
845 2611 967 2679 restitui,
980 2608 1064 2668 'rnu-
1078 2604 1215 2717 Ram·

115 2707 186 2765 riuis
207 2726 254 2765 res
274 2706 393 2765 ablutos
415 2716 467 2765 aut
482 2708 705 2767 aestimationem
722 2708 834 2785 justam
855 2706 950 2774 reddi,
962 2703 1068 2764 exules

116 2803 230 2873 reduci,
257 2822 354 2861 rernm
381 2802 501 2861 istarum
527 2812 661 2863 auctores
686 2803 797 2882 populo
832 2801 973 2861 Romano
997 2797 1068 2858 dedi

119 2897 322 2977 postularent.’
366 2897 451 2955 More
467 2897 636 2957 Graecarum
652 2898 765 2956 urbium
779 2898 809 2955 in
823 2894 938 2955 theatro
950 2893 1070 2953 concio·

121 3011 190 3051 nem
204 2993 304 3072 populi
318 3012 423 3070 cogere
436 2992 588 3051 Tarentini
601 2992 746 3051 solebant.
782 2990 857 3050 Huc
871 3010 947 3068 aegre
961 2988 1068 3048 admis-

121 3089 146 3145 si
159 3088 249 3167 legati
263 3089 380 3147 turbem
393 3088 534 3148 ebrietate
554 3096 585 3146 et
596 3088 658 3147 otio
671 3086 871 3145 lascivientem
884 3092 1069 3164 repererunt:
1099 3095 1149 3143 Dio
1173 3110 1212 3158 ap.

123 3204 190 3243 nam
204 3194 268 3243 tum
282 3200 401 3263 qnoque
415 3182 477 3243 dies
489 3183 581 3243 festus
594 3185 746 3261 agebatur.
773 3181 822 3241 Ibi
836 3200 904 3240 cum
917 3177 1072 3256 legationis
1083 3160 1238 3272 {mrum

123 3282 258 3360 princeps
273 3280 309 3338 L.
325 3280 494 3339 Postumius
507 3281 597 3339 verba
618 3279 714 3339 lucere
736 3298 817 3338 orsus
837 3286 924 3345 esset,
939 3274 1073 3334 ludibriis

123 3376 367 3455 petulantissima:
388 3376 582 3435 multitudinis
602 3386 754 3455 exceptus,
769 3374 863 3433 multo
876 3374 967 3433 etiam
980 3371 1073 3431 acrio-

125 3493 170 3533 res
195 3472 331 3531 odiorum
360 3492 463 3531 canses
495 3472 595 3531 retulit
627 3471 768 3541 Romam,
795 3490 884 3549 quam
916 3468 1074 3528 extulerat.
1088 3478 1159 3525 Oroe

127 3569 249 3648 Quippe
263 3578 325 3626 tarn
339 3568 509 3627 contemtim
529 3568 693 3627 babuerunt
715 3586 794 3635 eum,
815 3574 848 3625 nt
868 3564 992 3623 sermoni
1013 3565 1077 3640 ejus

129 3664 165 3722 de
178 3672 280 3723 cetero
292 3664 413 3742 quidem
427 3663 590 3723 attenderet
602 3683 707 3731 nemo;
729 3661 782 3721 sed
795 3660 909 3739 quoties
923 3658 1035 3737 aliquid
1044 3668 1077 3717 ut

131 3760 168 3818 ab
187 3759 305 3818 homine
329 3757 467 3818 Romano
489 3778 590 3837 parurn
611 3757 719 3817 Graece
741 3757 886 3837 prolatum
907 3764 993 3821 esset,
1014 3762 1078 3812 tota
1090 3751 1239 3828 Dionys-p.

131 3858 233 3914 concio
252 3854 413 3915 solveretur
434 3854 463 3913 iu
487 3855 593 3921 risum:
616 3854 772 3913 barbarum
785 3854 967 3931 increpantes
977 3849 1077 3907 convi—
1089 3816 1242 3867 Bolanum.

132 3950 295 4019 cierentur:
319 3950 431 4010 cultum
445 3950 616 4028 legatorum,
631 3970 698 4009 nem
714 3948 807 4027 togati
829 3946 962 4015 aderant,
975 3942 1077 4025 exple
1091 3959 1149 4009 Dio.

132 4052 252 4115 dorent:
274 4054 422 4127 postremo
434 4046 522 4107 etiarn
535 4047 649 4107 theatro
662 4044 860 4112 extruderent,
868 4042 940 4118 jura
951 4039 1079 4117 gentium
1092 4057 1196 4122 Dionys.

135 4145 331 4224 nequicquam
366 4144 544 4201 invocantes.
586 4141 710 4202 Foedum
745 4139 812 4198 inde
846 4138 938 4209 dictu,
965 4136 1016 4196 sed
1043 4134 1081 4194 ad
