2917 4767
231 302 319 369 luto
701 316 737 367 r.
763 314 861 363 nrvrr

232 476 315 525 zoam
396 462 521 539 rejectus
534 478 553 518 a
566 458 730 539 Campanis
744 458 894 537 Rhegium
915 456 1093 526 tenentibus,
1106 476 1185 516 mox
1203 457 1240 515 in
1255 457 1373 536 pericu·

396 555 457 614 lum
476 554 555 616 haud
577 554 825 615 contemnendum
852 552 963 613 incidit
1007 550 1196 612 cumcuim
1223 572 1284 633 per
1309 551 1374 612 loca

393 671 475 711 caeca
487 660 519 711 et
529 651 654 711 saltibus
666 651 810 731 impedita
821 650 953 719 duceret,
967 650 1060 709 coorti
1074 669 1113 708 ex
1126 648 1259 709 insidiis
1274 649 1375 708 hostes

232 750 316 862 PPlut·
342 750 368 798 tn
395 749 587 808 turbaverunt
605 747 794 807 novissimum
817 765 934 825 agmen,
955 743 1121 825 multosque
1148 745 1278 805 milites
1305 765 1371 806 cnm

231 817 336 929 5{“h⁰'
361 831 384 865 ο·
395 843 511 904 duobus
523 844 689 925 elephantis
700 852 893 923 peremerunt.

436 947 486 1000 22.
509 940 584 1001 Erat
596 960 690 1019 neque
703 960 809 1018 muers
827 938 1014 1008 bellatorum,
1027 958 1122 1018 neque
1136 956 1278 997 numero
1291 958 1371 1017 sper-

394 1037 493 1097 nenda
505 1057 618 1107 manus,
632 1037 734 1096 decem
747 1036 827 1096 baud
841 1036 936 1095 minus
949 1032 1044 1095 millia
1055 1034 1219 1093 hominnm
1235 1035 1270 1092 in
1283 1036 1373 1093 armis

396 1134 633 1204 exercitatorum,
655 1133 827 1193 Mamertini
840 1132 984 1212 plerique.
1028 1129 1076 1190 Hi
1097 1130 1182 1190 enim
1204 1130 1370 1208 Rhegino-

233 1242 317 1306 Polyb.
330 1259 348 1294 1.
360 1250 384 1294 s.
397 1250 460 1287 rum
473 1231 603 1290 amicitia
615 1238 648 1289 et
658 1230 834 1308 cognatione
853 1227 969 1299 confisi,
989 1227 1141 1287 intellecto
1155 1227 1329 1306 Pyrrhum
1341 1227 1369 1285 in

233 1324 299 1370 Plus
399 1324 521 1384 Italiam
545 1326 651 1386 reverti
666 1326 861 1397 constituima
877 1324 983 1384 fretum
1002 1326 1113 1404 priores
1125 1326 1367 1402 transjecerant,

397 1432 428 1481 et
438 1444 491 1503 spe
505 1422 612 1502 prede
623 1424 654 1483 in
675 1426 847 1504 opportunis
866 1422 905 1483 ad
925 1424 1054 1483 subitam
1075 1424 1283 1503 irruptionem
1297 1421 1370 1479 locis

395 1519 599 1580 consederant
642 1519 680 1579 In
706 1540 744 1579 en
769 1521 929 1580 certamine
949 1540 1017 1579 cum
1038 1540 1091 1600 pro
1111 1518 1207 1579 solita
1235 1516 1368 1578 audacie

396 1614 534 1695 Pyrrhus
553 1626 623 1675 ante
642 1616 738 1696 prima
748 1624 750 1627 ’
759 1617 843 1695 signa
857 1626 1013 1696 pugnaret,
1028 1617 1058 1675 in
1070 1616 1170 1696 capite
1186 1615 1307 1676 vulnus
1319 1634 1367 1672 sc-

395 1714 485 1791 cepit.
528 1713 583 1772 Ad
604 1712 684 1792 quod
706 1713 897 1791 obligandum
918 1734 986 1773 cum
1006 1734 1046 1775 ex
1062 1715 1126 1773 acie
1145 1714 1309 1794 paulisper
1321 1732 1363 1770 se-

395 1810 538 1880 cessisset,
551 1809 673 1889 quidem
695 1810 822 1870 bostium
844 1810 1044 1888 magnitudine
1066 1810 1202 1890 corporis
1218 1818 1253 1870 et
1268 1828 1363 1869 armo

394 1925 458 1964 rum
469 1906 550 1965 cultu
563 1907 739 1985 conspicuus
750 1905 837 1984 longe
848 1914 917 1965 ante
928 1906 1002 1967 alios
1010 1926 1183 1987 procurrens
1193 1904 1364 1985 increparit

393 2022 462 2061 eum
473 2000 555 2062 elata
564 2005 650 2072 loce,
658 2003 807 2081 jussitque
821 2002 947 2082 prodire,
960 2003 985 2061 si
997 2003 1120 2063 vireret.
1154 2001 1210 2062 Ibi
1224 2000 1365 2082 Pyrrhus

395 2098 501 2157 ardens
513 2099 568 2167 ira,
581 2098 705 2176 visuque
718 2107 751 2157 et
763 2107 900 2157 manante
915 2118 967 2177 per
979 2097 1086 2157 faciem
1094 2118 1198 2158 cruore
1207 2095 1360 2163 terribilis,

396 2193 538 2272 impetum
551 2193 582 2250 in
595 2201 828 2271 provocatorem,
841 2192 947 2251 frustra
960 2193 1151 2253 retinentibus
1163 2194 1239 2264 suis,
1255 2192 1361 2253 vertit:

396 2296 634 2368 occupatumque
646 2288 732 2347 illata
745 2289 774 2346 in
789 2296 880 2368 caput
889 2288 980 2367 plaga
989 2290 1154 2368 prosternit.
1200 2286 1361 2349 Memoris

397 2382 546 2463 proditum
558 2391 614 2454 est,
626 2403 694 2442 eam
707 2382 801 2461 gladii
813 2385 995 2465 temperiem,
1009 2404 1133 2463 eamque
1150 2386 1213 2445 vim
1227 2382 1362 2444 ferientis

397 2480 497 2551 fuisse,
511 2489 555 2552 ut,
567 2480 701 2541 infimum
714 2480 755 2540 ad
768 2500 873 2561 corpus
887 2481 1009 2541 vulnere
1026 2482 1209 2552 condunato,
1226 2480 1360 2561 partibus

398 2577 543 2655 utrimque
561 2576 772 2648 dilabentibus,
790 2576 919 2637 medium
935 2577 1082 2637 hominem
1095 2577 1288 2659 ecdemictu
1300 2575 1358 2634 dis-

396 2686 519 2738 secaret¹
562 2679 639 2759 Ejus
651 2676 814 2758 spectaculi
828 2676 908 2737 loeds
920 2677 1052 2751 novitate
1066 2678 1193 2756 perculsi
1203 2677 1315 2743 hostes,
1329 2678 1358 2729 et

396 2783 430 2834 ut
441 2775 585 2852 majorem
598 2775 745 2835 communi
757 2774 907 2833 hominum
927 2780 1004 2832 sorte
1022 2773 1117 2832 virum
1137 2772 1270 2842 reveriti,
1284 2786 1356 2851 pug-

396 2889 466 2928 nam
479 2871 647 2932 omiserunt.

439 2972 490 3027 23.
512 2966 659 3047 Pyrrhus,
672 2966 729 3024 hac
739 2964 875 3024 molestia
888 2961 1011 3035 solutus,
1025 2982 1083 3023 non
1098 2964 1165 3025 ideo
1179 2964 1278 3025 lretior
1289 2980 1354 3039 nge·

399 3063 463 3123 bat.
505 3062 597 3127 Quod
610 3064 687 3122 enim
700 3081 768 3140 pars
781 3059 1053 3141 impedimentorum
1065 3061 1122 3120 isto
1131 3060 1236 3141 praelic
1249 3059 1355 3119 amissa

399 3168 474 3229 erat,
487 3168 519 3218 et
530 3178 602 3237 opes
613 3178 653 3217 ex
669 3156 781 3215 Sicilioe
803 3155 904 3235 spoliis
922 3164 1021 3236 partas
1044 3155 1148 3236 prioris
1167 3178 1236 3217 cum
1258 3156 1355 3216 Poeno

236 3244 339 3357 ἕξων·
347 3262 388 3310 ⁸1³·
401 3273 508 3334 pugne
520 3272 606 3312 casus
617 3254 830 3331 interceperat:
853 3252 883 3309 in
905 3270 1014 3330 magna
1031 3254 1074 3313 rei
1095 3255 1266 3313 nummarias
1278 3246 1353 3310 dilli-

283 3326 319 3359 ω
400 3348 523 3418 cultate,
549 3366 617 3407 cum
642 3347 834 3427 poscentibus
855 3346 1003 3427 stipendia
1026 3348 1169 3408 militibus
1194 3370 1253 3409 non
1280 3350 1354 3406 esset

401 3443 479 3503 nude
498 3445 707 3524 preberentur,
721 3443 836 3503 dicatos
857 3443 1045 3524 Proserpinae
1065 3445 1216 3505 thesauros
1227 3442 1351 3525 spoliare

401 3550 521 3600 coactus
533 3550 588 3599 est.
630 3540 746 3600 Fanum
760 3540 835 3599 illud
849 3539 927 3619 apud
947 3538 1107 3601 Locrenses
1119 3542 1256 3621 opinione
1268 3556 1350 3599 sanc·

401 3637 496 3697 titatis
508 3637 729 3697 celeberrimum
741 3637 777 3697 iis
789 3636 968 3716 temporibus
980 3635 1046 3698 luit.
1089 3638 1191 3704 Quam
1203 3638 1348 3699 civitatem

248 3770 303 3822 Li„
312 3785 391 3825 mx·
402 3754 470 3794 cum
482 3734 619 3815 Pyrrhus
631 3735 770 3795 animatis
783 3734 939 3814 praesentia
949 3752 1002 3792 sun
1012 3734 1100 3812 regioe
1110 3734 1247 3794 lectionis
1259 3730 1349 3792 homi·

239 3840 280 3887 18.
298 3901 303 3911 ι
403 3832 489 3890 nibus
500 3832 671 3911 recepisset;
694 3830 789 3889 multa
800 3830 830 3889 in
843 3828 1003 3890 Locrenses
1013 3830 1092 3889 freda
1102 3828 1236 3891 facinora
1247 3824 1348 3893 edidit,

237 3900 391 4015 yqqymr·
403 3927 537 4006 cupidius
549 3936 580 3986 et
592 3924 1087 4006 rariusquamrnerrecupraesuu
1099 3922 1348 4007 postulamtuuo,

261 4061 311 4113 Dio
333 4079 374 4129 sp.
402 4022 534 4082 caedibus
545 4033 576 4083 et
587 4024 697 4104 rapinis
708 4024 738 4081 in
751 4022 870 4081 miseros
879 4030 1033 4099 grassatus.
1075 4022 1241 4103 Postquam
1254 4030 1345 4081 sutem

238 4125 322 4178 vuer.
403 4119 477 4178 nihil
489 4128 650 4200 supererat,
663 4118 744 4199 quod
756 4118 887 4179 conferre
909 4118 1040 4178 homines
1055 4118 1170 4180 vellent
1187 4126 1345 4202 possentver
