2917 4767
225 372 316 440 Μ
696 384 732 433 ¹1¹.
758 382 848 433 olvit
923 400 925 407 ·
972 398 977 407 '

227 532 306 616 cos)
318 536 520 616 comportat.
563 528 759 595 Praedatum
784 528 863 595 inde
882 528 1042 597 Numidae
1062 530 1248 616 Maurique
1277 550 1341 616 per

227 636 449 701 Sallentinum
476 652 592 717 agrurn
618 634 859 717 proximosque
886 630 1027 716 Apuliae
1052 635 1162 700 saltus
1190 633 1341 699 dimissi.

228 737 325 802 Unde
338 745 463 802 ceterae
477 736 603 820 praedat
618 736 706 800 baud
730 738 882 813 multum,
897 754 1061 819 equorum
1079 756 1200 819 greges
1223 736 1341 801 maxi·

226 860 281 904 me
301 840 433 905 abacti:
457 860 477 903 a
496 838 620 922 quibus
634 838 678 902 ad
693 844 837 921 qnatoor
849 836 957 902 millia
971 837 1141 903 domanda
1156 839 1339 923 equitibus

227 942 350 1007 divisa.
817 943 820 949 '
1280 954 1284 959 ·

268 1043 326 1108 21.
347 1041 508 1122 Romani,
524 1060 602 1107 cum
616 1041 743 1105 bellom
759 1060 976 1128 nequaquam
990 1042 1276 1107 contemnendam
1304 1043 1340 1106 iu

228 1144 348 1211 Sicilia
361 1146 516 1221 oriretur,
529 1160 688 1225 moraque
704 1143 838 1224 tyranni
856 1143 960 1207 doces
975 1144 1082 1225 magis
1096 1144 1263 1227 impigros
1278 1143 1343 1207 de-

228 1246 339 1311 disset
351 1245 586 1329 Syracusanis,
597 1262 700 1326 quam
711 1260 852 1307 eausam
868 1250 927 1309 aot
940 1246 1073 1309 animos
1088 1252 1269 1323 mutasse&
1287 1245 1343 1309 Μ.

230 1348 400 1413 Marcello
415 1348 512 1411 alteri
525 1346 702 1411 consulum
716 1362 791 1409 eam
806 1346 1016 1427 provinciam
1033 1346 1227 1411 decernunt.
1273 1346 1342 1411 Se-

229 1448 376 1515 cundam
402 1448 602 1531 Hieronymi
625 1446 753 1511 cadem
769 1448 876 1530 primo
894 1449 1130 1513 tumultuatum
1146 1450 1182 1512 in
1199 1448 1342 1512 leonti·

228 1553 283 1617 nis
299 1550 390 1636 apud
405 1550 531 1615 milites
543 1549 666 1626 iuerat,
676 1547 963 1632 vociferatumque
977 1547 1143 1628 ferociter,
1158 1557 1343 1633 parentan-

230 1654 310 1719 dum
333 1655 405 1735 regi
429 1652 594 1735 sanguine
616 1649 867 1733 conjuratorum
894 1670 979 1715 esse.
1023 1649 1157 1715 Deinde
1172 1650 1340 1715 libertatis

230 1757 393 1821 restitutae
418 1755 517 1819 dolce
540 1750 692 1818 auditu¹⁸
724 1770 847 1816 nomen
873 1752 993 1817 crebro
1019 1759 1232 1836 usurpatum,
1253 1772 1341 1835 spes

230 1856 325 1921 faeta
338 1876 384 1922 ex
398 1856 542 1940 paeonia
556 1854 649 1937 regia
661 1854 857 1935 largitionis,
871 1854 1069 1937 militiaque
1090 1854 1266 1936 iongeudae
1279 1874 1344 1936 po·

232 1960 374 2024 tioribos
386 1967 412 2011 ¹⁹
433 1956 602 2037 ducibus,l
622 1964 657 2022 et
669 1956 780 2021 relata
794 1954 924 2040 tyranni
944 1954 1038 2021 sceda
1064 1957 1198 2021 scelera
1216 1956 1342 2020 loedio-

231 2080 356 2143 resque
372 2060 532 2125 libidines
555 2059 641 2126 adeo
664 2066 832 2123 mutavero
848 2058 990 2133 animos,
1006 2064 1043 2121 ut
1058 2058 1265 2141 insepultum
1287 2058 1343 2141 ja·

232 2182 310 2229 cere
333 2182 459 2247 eorpus
473 2162 575 2245 paulo
591 2168 668 2225 ante
684 2158 867 2224 desiderati
890 2160 979 2241 regis
1002 2164 1206 2244 paterentur.
1252 2159 1343 2224 Com

232 2265 332 2329 catori
347 2283 393 2327 ex
408 2263 588 2345 conjuratis
601 2262 645 2327 ad
658 2262 845 2326 exereitum
861 2260 1074 2325 obtinendum
1087 2260 1343 2336 remansissent,

230 2362 429 2429 Theodotus
440 2370 469 2403 ¹⁰
490 2370 526 2427 et
545 2363 643 2427 Sosis
668 2362 771 2443 regiis
792 2362 904 2446 equis,
918 2370 1047 2446 quanto
1069 2362 1224 2427 maximo
1240 2382 1341 2428 cursu

232 2471 404 2548 poterant,
415 2471 454 2528 nt
469 2465 602 2547 ignaros
616 2462 766 2527 omnium
779 2462 889 2545 regios
904 2464 1139 2546 opprimerent,
1148 2464 1342 2547 Syracusas

233 2566 460 2633 contendunt-⁰
503 2565 661 2632 Ceterum
685 2573 896 2647 praevenerat
918 2584 984 2635 nou
1009 2565 1100 2629 sama
1116 2564 1242 2641 solum,
1258 2568 1343 2648 (qna

267 2816 299 2861 18
315 2812 434 2861 aarum
451 2811 519 2861 Edd.
540 2819 600 2861 rute
615 2811 799 2861 aronae-ro
816 2810 946 2860 ‘Potiorie
957 2809 1094 2860 Drakenb·
1104 2808 1197 2873 (quern
1210 2819 1287 2859 reete
1298 2810 1342 2859 de·

234 2878 317 2925 rerait
327 2876 352 2925 lr.
362 2878 380 2926 l.
392 2878 433 2926 cl.
443 2874 574 2939 Ernesti.)
585 2891 617 2925 ex
630 2876 784 2938 conjectore
794 2874 919 2924 Gronovii
931 2876 1008 2938 plene
1019 2872 1159 2939 superflue,
1172 2876 1252 2925 immo
1263 2876 1343 2924 etiem

234 2940 403 2989 incommoda.
437 2941 496 2990 Nou
508 2942 576 2989 euim
589 2942 621 2988 de
633 2941 754 3001 ducibus,
763 2938 808 2987 red
820 2938 853 2988 da
865 2940 983 2988 omuibue
995 2954 1080 2988 erroro
1092 2946 1142 3000 ert,
1153 2952 1203 2988 nee
1217 2948 1272 2988 taur
1286 2955 1343 3002 per·

235 3006 352 3068 spiceum
371 3010 420 3060 ert,
441 3004 569 3068 quomodo
589 3004 708 3063 ducibus,
726 3004 828 3053 sublato
850 3002 1019 3067 Hieronymo,
1036 3004 1129 3051 militia
1146 3004 1235 3064 potior
1251 3002 1343 3063 fuerit,

235 3083 314 3133 qoem
325 3068 449 3118 militibus
461 3084 581 3133 magorum
594 3068 675 3118 inisse
686 3069 825 3117 discrimen
844 3066 944 3116 militiae
962 3064 1111 3129 fungendo,
1124 3068 1164 3115 vel
1177 3076 1289 3129 tyranno
1307 3070 1344 3133 ig·

234 3144 303 3182 uero
314 3140 343 3181 et
353 3134 464 3195 pertineo
475 3135 551 3190 doce,
562 3135 604 3182 vel
618 3132 751 3197 potior-ibn
761 3131 860 3181 dacibus
878 3132 903 3179 iu
916 3132 1050 3194 republica
1069 3132 1158 3179 libera.
1193 3132 1344 3195 Corruptis-

236 3197 300 3246 rlrue
312 3205 401 3245 autern
413 3199 439 3246 in
450 3197 517 3248 Edd.
527 3203 590 3247 aare
601 3198 717 3248 Gronov.
728 3197 880 3260 legebatur:
900 3210 941 3259 rpe
951 3196 1023 3254 seete
1033 3212 1065 3245 ee
1079 3210 1103 3257 p.
1114 3210 1137 3243 r.
1148 3196 1164 3245 l.
1175 3196 1263 3255 militi,
1274 3202 1344 3259 atque

230 3260 351 3325 suendi
363 3262 496 3324 potioribus
511 3261 628 3313 decidua!
652 3262 754 3312 Stroth.
794 3260 856 3309 vid.
873 3260 938 3311 Not.
958 3257 1102 3311 infru-20
1120 3260 1258 3309 ramam
1276 3261 1344 3309 Edd.

736 3388 844 3439 Norffi

268 3500 280 3534 ⁵
300 3501 585 3565 Militiaqarseageado
602 3500 771 3566 [nititiutpse
811 3515 859 3551 nus
877 3500 978 3551 i'uirset.
1011 3500 1056 3550 Sic
1075 3506 1148 3552 uerte
1166 3500 1345 3564 jarieroaralti

229 3575 364 3638 sugendi]
377 3577 509 3639 potioribus
523 3576 636 3639 dadbu]
650 3578 772 3641 volgaria
813 3578 900 3627 dotem
915 3574 999 3639 longi,
1009 3583 1037 3625 et
1055 3575 1170 3625 irruerant
1185 3592 1245 3627 erre
1255 3577 1346 3627 diem

235 3656 293 3703 bec
314 3651 394 3702 leetlo
409 3659 467 3701 eet:
484 3653 595 3703 mutarit
609 3653 727 3703 Gronov.
746 3653 772 3703 in
814 3653 942 3709 abrolote.
956 3650 989 3701 de
1000 3665 1033 3701 ea
1044 3666 1101 3719 quae
1115 3653 1141 3701 in
1153 3654 1346 3702 ruatrlrnoniom

236 3728 376 3793 militiarum
389 3728 525 3791 sergerdoe
542 3729 643 3793 potioris
659 3728 772 3778 deeidam
814 3730 934 3778 dataert.

237 3806 346 3857 nivelle
363 3805 484 3856 videatur
500 3820 573 3870 rpem
590 3804 702 3855 ducibus
718 3802 772 3855 sre-
844 3804 1005 3869 ‘Syrorum
1022 3804 1179 3869 mtudrat]
1196 3805 1258 3856 darn
1281 3806 1347 3855 dixi·

238 3887 293 3931 tear
321 3882 432 3947 potioria
457 3882 569 3933 militie.
603 3882 681 3934 Quod
708 3878 773 3931 ferri
812 3894 870 3930 mue
887 3882 964 3944 paulo
982 3888 1044 3929 aute
1062 3882 1204 3944 Syracusae
1220 3880 1349 3930 nobiliori·

237 3962 337 4019 potest.
372 3957 494 4020 Aliunde,
508 3972 562 4021 sper
574 3958 645 4017 frete
663 3956 772 4018 largitio
813 3968 881 4005 utrm
896 3954 976 4005 iniere
990 3956 1070 4005 tutior
1080 3956 1175 4005 Sicilia
1188 3954 1281 4005 urbem
1294 3970 1347 4004 rue-

236 4033 277 4080 rtir
291 4032 374 4089 aaut,
398 4040 469 4082 reete
487 4034 584 4082 brbetr
607 4040 636 4080 et
650 4030 773 4093 sormi
814 4031 925 4081 ritimaro
936 4032 964 4081 in
974 4032 1032 4095 ejus
1045 4030 1273 4095 parteorientali3
1289 4044 1346 4079 eam

234 4105 367 4168 potioribus
386 4108 484 4159 enata
502 4108 553 4157 diel
572 4109 658 4172 potnit
675 4122 723 4173 pro
740 4120 772 4158 eo
812 4106 964 4157 condiderat
976 4106 1087 4157 Archias
1107 4106 1261 4157 Heraclides
1279 4108 1346 4156 Bae·

238 4178 309 4245 quod
319 4188 370 4243 eet,
380 4180 505 4245 iungendi
516 4196 623 4232 mouere
638 4196 669 4233 ae
679 4182 772 4233 utilitia
811 4182 960 4231 elriadernm
974 4180 1164 4233 Corinthiorum
1172 4181 1255 4245 rtirpe
1263 4188 1347 4245 orior,

238 4256 287 4308 rab
305 4258 454 4309 melioribus
467 4258 583 4323 ducibui,
593 4274 671 4324 quem
683 4266 772 4323 tyram
812 4272 844 4309 er
856 4264 967 4323 qoamor
982 4260 1097 4311 eartelllr
1117 4260 1223 4325 pariere
1233 4256 1345 4310 inmte
