2917 4767
401 382 507 433 strar
534 382 619 433 xix:
638 383 969 431 surmnncsrnn.
1146 369 1238 436 1607

105 526 210 579 *natum
235 522 285 581 bis
299 526 476 585 consulibus
488 534 533 585 est
546 524 646 585 navali
659 524 761 605 praelio
775 538 881 603 magno
893 525 972 606 apud
989 525 1074 603 AEgi·
1103 535 1220 587 velletr.

110 636 234 685 murum,
250 620 374 678 neutris
386 620 456 679 laeto
468 622 549 679 exitu
564 642 571 679 :
593 622 702 699 quippe
713 641 854 698 magnum
865 632 897 679 et
912 621 1073 690 hominnm,
1086 603 1150 712 ὲῗὲῐ
1167 680 1198 715 u·
1209 670 1236 715 2.

109 720 138 768 et
151 713 275 771 uariunt
291 736 452 775 numerum
462 716 612 796 perdidere
627 716 733 775 Poeni:
755 717 858 775 victrix
870 716 1073 775 Romanorum

108 804 207 865 clamis
220 828 264 867 ex
279 809 374 869 hoste
386 820 470 889 perta
483 812 613 888 ingentia
630 811 725 891 spolia
738 812 768 869 ri
781 820 987 891 tempestatum
1000 812 1073 869 ami·

109 901 153 958 sit.
196 902 237 959 In
270 903 403 965 Sicilie»l
428 907 491 985 peri
511 917 541 965 et
559 907 695 975 consilio,
717 916 748 965 et
770 906 888 965 senuna
907 926 952 965 rcs
973 916 1073 983 geste,

106 1014 197 1071 -qunm
210 1000 375 1077 superiore
397 1020 474 1060 enno
495 1002 607 1061 fectum
630 1002 746 1061 suerat:
775 1000 887 1061 difficili
907 1002 1076 1060 consulibus

109 1089 187 1149 bello
199 1111 263 1151 uon
275 1096 377 1171 magis
385 1097 425 1155 ob
439 1098 627 1175 asperitatem
641 1096 782 1165 locorum,
797 1117 885 1174 qnam
897 1098 939 1156 ob
952 1096 1075 1155 Humil-

107 1186 183 1243 caris
193 1186 369 1263 ingenium,
384 1192 435 1269 qui
444 1192 519 1249 sicut
532 1193 561 1249 in
575 1192 728 1251 audaciam
740 1200 881 1269 promtus,
895 1193 937 1249 ita
950 1192 1075 1251 adartes

111 1280 180 1337 belli
193 1282 416 1343 callidimimus
436 1296 509 1345 eret.
551 1286 670 1352 Quibus
690 1289 777 1345 rebus
793 1286 846 1345 illo
863 1296 993 1365 tempore
1006 1286 1072 1345 Ro·

111 1394 211 1433 nanos
225 1379 272 1435 ita
286 1381 441 1450 sustinuit,
455 1390 557 1440 utnon
574 1382 662 1440 modo
676 1381 753 1451 loca,
767 1402 835 1460 quae
848 1392 978 1460 ceperat,
993 1392 1072 1441 tuta·

111 1480 198 1540 retur,
213 1472 412 1552 hostiumque
425 1477 519 1535 socios
533 1478 561 1533 in
577 1476 681 1535 Sicilia
700 1476 858 1556 ltaliaeque
877 1497 930 1536 ora
943 1478 1072 1535 mcum·

113 1574 171 1631 ret;
203 1568 260 1625 sed
281 1570 377 1629 etiam
396 1571 425 1628 in
445 1570 504 1629 alia
530 1572 667 1640 intentus,
691 1581 821 1631 ruentem
840 1593 900 1631 rem
924 1573 1073 1633 Punicam

113 1660 220 1737 ubique
235 1662 374 1735 fulciret,
390 1664 546 1724 industrius
560 1666 649 1735 idem,
663 1676 694 1725 et
705 1686 774 1725 cum
786 1668 877 1725 enimi
894 1666 1073 1725 firmitudine

113 1755 226 1815 cennlii
245 1779 289 1817 ex
316 1770 446 1839 tempore
464 1762 601 1840 capiendi
619 1762 736 1821 artifex.
779 1761 888 1840 Itaque
910 1761 1071 1839 Lilybeta-
1085 1776 1236 1829 &miscet

114 1868 175 1918 noe,
197 1853 252 1929 qui
266 1860 351 1913 terra
363 1856 491 1923 maxime
505 1858 721 1935 premebantur,
742 1858 842 1935 iuopia
863 1866 895 1914 et
906 1866 985 1915 metu
998 1855 1072 1915 libe-
1085 1857 1128 1889 ¹¹¹·
1140 1846 1179 1892 ¹⁸·

117 1962 177 2004 rare
200 1951 342 2028 cupiens,
366 1960 478 2029 partem
500 1951 611 2019 classis,
628 1961 662 2009 ut
681 1950 846 2028 Lilybaeum
867 1959 1024 2028 petentem,
1042 1953 1073 2010 in

117 2040 177 2099 uto
192 2046 292 2121 jussit
305 2047 453 2105 obversari
465 2068 481 2125 :¹
495 2048 579 2123 cujus
600 2046 640 2104 ad
657 2054 847 2125 conspectum
860 2064 928 2103 cum
942 2044 1074 2105 Romani
1101 2094 1106 2111 ,
1151 2056 1155 2065 “
1202 2108 1205 2115 ,

119 2138 300 2212 evolassent,
325 2144 387 2221 ipse
407 2163 474 2201 cum
497 2144 630 2212 neribus,
653 2162 727 2221 ques
746 2140 786 2199 ed
805 2142 862 2199 boc
875 2141 906 2198 in
918 2140 985 2199 loco
997 2142 1074 2201 uude

20 2276 21 2279 ,
119 2238 250 2314 conspici
265 2239 463 2315 nequiverant
486 2237 618 2297 occultas
637 2239 790 2307 habuerat,
812 2245 927 2317 portum
946 2256 1073 2316 occupa-

121 2328 171 2397 rit,
185 2332 381 2411 obsessosque
395 2334 548 2412 presentia
562 2354 615 2391 sue
628 2342 659 2393 et
671 2353 767 2392 rerum
785 2333 1013 2391 necessariarum
1029 2334 1073 2391 in-

19 2456 20 2489 ι
123 2436 207 2485 recta
220 2431 461 2509 copiamegnam
475 2430 504 2489 in
519 2450 601 2509 spem
615 2428 855 2508 alacritatemque
868 2430 970 2490 erexit.
1015 2484 1020 2493 .

160 2528 210 2581 49.
233 2524 314 2583 Cum
339 2524 378 2583 ad
392 2525 469 2583 hunc
482 2524 601 2585 modurn
623 2534 738 2603 tempus
761 2527 791 2583 in
813 2524 917 2585 Sicilia
930 2526 1072 2586 bellando

124 2618 337 2687 extraheretur,
357 2620 491 2679 consules
513 2620 556 2678 Α.
577 2618 711 2681 Manlius
722 2620 759 2678 T.
774 2620 809 2679 F.
823 2620 860 2680 Τ.
877 2620 922 2679 Ν.
938 2621 1071 2699 Torque-
1142 2685 1146 2692 ,
1218 2682 1224 2692 ,

20 2739 21 2744 1
119 2718 167 2769 -tus
179 2713 315 2783 Atticus,
330 2714 369 2774 C.
385 2713 573 2793 Sempronius
582 2714 630 2773 Ti.
646 2714 681 2773 F.
694 2715 743 2773 Ti.
759 2714 803 2773 N.
816 2714 933 2775 Blaesus
944 2716 1072 2784 iterans

126 2805 162 2863 ad
174 2812 324 2871 exercitus
344 2818 494 2893 renemnt
536 2808 599 2869 Sub
621 2810 651 2869 id
665 2820 851 2889 tempusnon
863 2820 924 2869 tam
940 2830 1071 2871 commu·
1172 2796 1176 2801 ’

19 2895 20 2914 ’
125 2908 194 2971 tata,
208 2926 300 2984 quam
315 2906 408 2981 magis
426 2906 546 2965 astricta
569 2907 633 2983 ejurs
649 2906 720 2965 belli
741 2906 897 2989 ratioest.
928 2904 1071 2976 Romani,
1084 2928 1235 2994 Polyme,

127 2998 165 3055 uti
177 3002 269 3078 paulo
283 3008 352 3059 ante
366 3000 557 3071 narravimus,
565 3020 653 3080 supra
669 3002 797 3079 Erycem
805 3001 907 3059 urbem
915 3000 944 3059 in
958 3020 1072 3061 summo

127 3104 221 3155 monte
235 3095 402 3175 presidium
414 3094 650 3163 collocaveram
674 3095 757 3155 eliud
771 3094 871 3154 itidem
882 3094 959 3153 inira
971 3096 1072 3155 urbem

128 3187 271 3253 iuridici
299 3190 426 3253 montis:
457 3192 579 3251 munitio
601 3200 743 3271 praeterea
762 3192 893 3269 situsque
914 3190 984 3260 loci,
1001 3212 1072 3252 curn

121 3288 262 3347 custodie
283 3286 360 3345 tales
380 3286 565 3357 accederent,
583 3287 671 3349 facile
692 3286 872 3354 efficiebant,
900 3307 937 3346 ne
954 3287 1026 3366 quid
1042 3289 1071 3347 ei

128 3381 389 3443 urbi'metuendum
402 3382 557 3443 videretur.
580 3382 640 3443 Sed
654 3383 781 3442 andacia
794 3382 988 3451 Hamilcaris,
999 3383 1071 3443 nibil

19 3486 20 3496 ¹
127 3473 230 3537 bomini
244 3478 417 3557 impervium
431 3498 594 3556 essepessa
610 3478 688 3557 quod
710 3478 830 3556 aggredi
844 3479 989 3548 libuisset,
1009 3498 1071 3539 rem
1118 3535 1122 3542 .

126 3578 233 3635 taum
245 3574 417 3635 brevissimo
429 3583 560 3653 tempore
574 3574 704 3653 perfecit.
737 3575 797 3633 llle
810 3576 888 3635 euim
900 3584 991 3637 noctu
1002 3596 1070 3636 curn

126 3672 213 3747 copiis
235 3670 387 3753 appulsus,
409 3678 440 3729 et
452 3689 604 3730 ascensum
617 3669 776 3731 stadiorum
792 3668 929 3747 triginta*
943 3670 1070 3732 ,silentio
1083 3688 1157 3738 Diod.
1169 3688 1222 3740 ω,

127 3782 264 3835 emensus,
278 3786 347 3825 cum
361 3766 421 3843 ipse
435 3774 502 3825 aute
525 3784 630 3842 agmen
653 3786 771 3825 snorum
794 3767 930 3844 princeps
949 3766 1068 3825 incede·
1082 3754 1099 3803 ¹·
1113 3769 1189 3801 ¹¹¹V·

149 4004 165 4042 J
187 4006 218 4056 ln
239 4007 339 4071 Sicilia]
367 4010 452 4058 Silcnt
475 4016 577 4060 veteres
646 4006 1070 4069 *Starlicrcmtrigintc]l’rssnnm

124 4072 260 4141 periptercr
280 4074 313 4121 de
331 4074 407 4137 nujus
422 4076 482 4123 anni
501 4076 577 4125 rebus
613 4079 687 4125 ³7⁵0.
706 4076 733 4121 ld
752 4085 804 4133 ear,
819 4075 903 4123 lencm
919 4073 995 4121 uniar
1012 4086 1070 4121 curu

123 4136 243 4187 rastellis
253 4138 341 4200 gestis·
362 4140 432 4189 Crev.
614 4140 769 4205 quadrante.
787 4141 858 4187 Cres.

151 4208 163 4241 Ι
180 4200 213 4250 Α.
225 4202 259 4252 U.
268 4204 299 4253 C.
310 4206 369 4251 5⁰8.
390 4204 421 4252 A.
430 4204 464 4255 G.
476 4208 534 4254 sn.
