2917 4767
439 393 522 465 nra..
537 391 659 442 xxrrr.
682 393 764 441 oue.
784 377 840 444 39.
1107 381 1190 447 lcol

67 540 265 606 certiorem
290 537 434 605 laceret:
457 537 563 621 isque,
579 535 618 602 L.
633 535 782 621 Apustio
804 537 917 622 legato
931 539 1093 605 exercitui
1107 561 1193 626 prae·

68 641 415 726 posit0,‘'rarentum
430 639 473 704 ad
488 640 630 703 classem
647 640 828 722 profectus,
841 641 949 723 primo
963 661 1098 726 quoque
1112 650 1195 708 tem·

70 763 174 828 pore
200 744 234 807 in
259 741 498 807 Macedoniam
522 741 778 806 transmitterem
802 741 964 824 daretque
985 762 1133 825 operam,
1156 753 1196 810 ut

70 845 292 928 Philippum
307 843 342 907 in
358 861 458 924 regno
475 844 671 906 contineret.
713 842 870 907 Pecunia
883 844 928 908 ad
942 843 1084 909 classem
1099 859 1193 910 taen-

73 947 170 1010 dam
192 945 385 1029 bellumque
410 942 669 1008 Macedonicum
691 963 735 1008 ea
756 943 892 1008 decreta
912 947 1008 1022 est,'4
1025 966 1102 1029 qum
1125 944 1196 1030 Ap.

75 1047 238 1112 Claudio
252 1047 285 1109 in
301 1045 452 1111 Siciliam
467 1045 574 1110 missa
588 1052 670 1121 erat,
681 1050 721 1108 ut
734 1044 933 1110 redderetur
949 1047 1092 1112 Hieroni
1106 1049 1193 1129 regi:

74 1169 132 1213 ea
150 1168 209 1231 per
224 1147 266 1212 1..
282 1146 457 1232 Apustium
475 1149 622 1230 legatum
633 1146 817 1211 Tarentum
833 1154 886 1212 est
901 1147 1053 1214 devecta.
1087 1150 1194 1216 Simul

74 1251 136 1314 ab
151 1249 302 1314 Hierone
324 1249 430 1313 missa
444 1247 585 1314 ducenta
600 1249 708 1314 millia
733 1235 882 1314 modium
906 1250 1008 1315 tritici
1029 1258 1064 1315 et
1079 1250 1194 1315 bordei

78 1359 237 1417 centnm.

131 1453 189 1516 39.
211 1453 303 1516 Dum
318 1451 393 1516 haec
410 1449 556 1516 Romani
581 1457 701 1534 parant
727 1457 907 1534 aguntque,
931 1452 974 1516 ad
995 1452 1194 1538 Philippum

78 1555 230 1637 captiva
243 1554 351 1631 navis,
371 1572 438 1617 nna
462 1571 506 1618 ex
529 1554 584 1630 iis,
608 1572 685 1636 quar
712 1551 860 1616 Romam
883 1553 997 1619 misem
1021 1561 1125 1632 erant,
1149 1575 1194 1620 ex

78 1675 190 1720 cursu
215 1653 390 1737 rethgit2¹⁵
416 1654 494 1719 inde
523 1656 657 1732 scitum,
677 1655 810 1736 legatos
832 1675 908 1719 eum
931 1656 1040 1721 literis
1062 1665 1194 1740 captos.

81 1757 215 1839 Itaque
240 1756 373 1838 ignarus
394 1756 437 1820 de
459 1754 562 1832 iis,¹⁶¹
575 1774 653 1839 quaa
674 1775 751 1820 cum
768 1754 964 1823 Hannibale
983 1757 1100 1840 legatis
1123 1761 1193 1823 suis

81 1859 338 1934 convenissent,
364 1877 507 1942 quaeque
531 1857 635 1940 legati
651 1857 730 1941 ejus
753 1858 798 1921 ad
822 1877 861 1922 oe
883 1858 1012 1924 allaturi
1038 1860 1192 1939 fuissent,

79 1961 290 2040 legationem
314 1961 413 2024 aliam
438 1979 515 2024 cum
538 1959 666 2042 eisdem
701 1960 870 2025 mandatis
903 1961 1019 2025 mittit
1074 1961 1194 2044 Legati

81 2061 133 2126 ad
166 2059 389 2126 Hannibalern
418 2061 525 2138 missi,
557 2061 767 2139 Heraclitus,
803 2063 858 2126 cui
893 2061 1035 2128 Scotino
1068 2083 1194 2146 cogno·

82 2183 167 2228 men
197 2169 283 2239 erat,
313 2169 349 2226 et
379 2162 471 2227 Crito
500 2163 739 2226 Reroeoeusur
761 2168 795 2226 et
823 2163 1001 2227 Sositheus
1025 2163 1196 2247 Magnes·

85 2261 142 2328 Hi
170 2282 330 2346 prospere
353 2264 498 2328 tulerunt
518 2281 559 2326 ac
579 2261 763 2326 retulerunt
785 2263 954 2328 mandata.
1009 2264 1078 2328 Sed
1099 2267 1193 2349 prins

86 2385 129 2430 se
157 2372 263 2430 estas
292 2367 496 2447 circumegit,
518 2383 619 2448 qnam
652 2382 787 2428 movere
810 2385 851 2429 ac
874 2365 984 2428 moliri
1008 2369 1192 2450 quicquam

85 2486 150 2532 rex
166 2473 304 2550 posset:
327 2473 456 2532 tantum
478 2467 576 2530 navis
599 2483 665 2530 uua
686 2471 785 2548 capta
805 2484 881 2530 cum
897 2466 1016 2549 legatie
1035 2472 1195 2534 momenti

84 2569 171 2632 secit
190 2567 233 2632 ad
254 2567 453 2632 dilationem
479 2566 681 2631 imminentis
708 2565 875 2630 Romanis
899 2569 991 2632 belli.
1035 2569 1078 2634 Et
1102 2571 1194 2634 circa

86 2667 259 2753 Capuam,
275 2677 482 2750 transgresso
494 2665 697 2732 Vulturnum
721 2666 831 2732 Fabio
855 2677 936 2750 post
958 2669 1098 2751 expiata
1121 2676 1193 2734 tan·

88 2771 165 2834 dem
192 2770 357 2851 prodigia,
380 2771 482 2839 ambo
508 2769 668 2833 consules
694 2786 761 2832 rem
785 2770 956 2851 gerebant.
1001 2770 1194 2855 Compulte-

86 2873 173 2936 riam
185 2869 233 2909 η·
247 2879 280 2937 et
294 2871 471 2936 Trebulam
485 2878 518 2935 et
534 2870 727 2947 Saticulam,
752 2871 861 2947 urbes,
886 2890 963 2954 quae
987 2872 1030 2937 ad
1050 2871 1193 2938 Poenum

552 3011 735 3036 mmm

87 3101 144 3150 nias
156 3100 223 3151 Edd.
236 3101 270 3152 ab
281 3100 350 3151 Aldo
360 3101 392 3151 ad
405 3099 554 3149 Drak.-lt
573 3099 606 3149 Ει·
616 3101 711 3150 demota
728 3107 765 3150 ert
782 3099 849 3150 ΒΑΜ.
863 3106 924 3150 ente
935 3099 1018 3150 tiron·
1041 3115 1100 3151 mox
1113 3102 1140 3151 in
1151 3103 1194 3152 ils·

89 3165 152 3214 dem
163 3173 187 3216 et
198 3167 249 3214 lae
257 3181 300 3230 per
311 3167 339 3215 h
349 3165 486 3228 Aprutium.

124 3235 155 3280 1⁶
173 3229 215 3280 ΑΙ.
233 3245 265 3280 ee
282 3245 353 3280 canu
364 3230 508 3291 sugit-16
524 3228 532 3255 ‘
544 3228 567 3276 E
579 3229 642 3278 Μιι.
654 3227 789 3292 probabile
804 3228 844 3290 lit,
863 3242 910 3292 pro
921 3230 951 3278 de
960 3230 992 3277 iia
1003 3229 1052 3291 leg.
1063 3229 1124 3280 rex!
1141 3232 1194 3280 ltu·

89 3303 159 3360 pert.
193 3295 255 3344 viu.
276 3295 337 3345 Not.
356 3295 485 3344 Van—li
502 3293 693 3356 ‘Inpleritque
706 3293 773 3341 Edd.
784 3293 908 3359 Renoua,
918 3292 946 3342 iu
955 3293 1019 3342 litae.
1032 3309 1093 3343 vero
1105 3295 1194 3352 uasis,

89 3359 219 3418 Boemtts,
244 3359 371 3420 Boeueotia,
389 3357 537 3414 Bormetr'n
556 3356 694 3406 Boearotirrr
711 3365 739 3405 et
756 3358 791 3406 al.
811 3359 878 3406 uode
896 3357 1047 3407 umbem
1067 3360 1193 3421 nrrrpiearl

90 3425 184 3488 poesia,
204 3424 244 3472 vel
263 3438 322 3473 euna
342 3423 400 3474 dac.
420 3421 536 3472 Gronov.
554 3421 682 3470 Bottiaear.
725 3421 833 3486 Oppida
844 3423 1008 3473 Macedonia
1021 3423 1118 3485 Beroe,
1132 3424 1195 3472 Bro-

589 3531 697 3582 Nom

123 3639 138 3666 ¹
154 3633 259 3694 lnam
275 3633 304 3681 de
318 3630 362 3693 tir]
378 3632 468 3681 Docta
488 3643 522 3680 ex
540 3631 622 3694 serip-
663 3645 733 3682 cere.

91 3709 136 3770 tir,
147 3710 190 3772 qul
210 3707 304 3756 ruendo
321 3720 374 3756 uon
385 3713 485 3763 carent,
497 3709 621 3768 suspicio·
694 3707 846 3758 =cnutm
863 3708 978 3770 Magus]
1002 3709 1042 3757 Ex
1058 3710 1194 3772 Magnesia

90 3798 134 3841 ne,
146 3783 224 3832 scribi
242 3782 297 3831 vrrlt
308 3781 457 3832 Gronovius
468 3783 623 3845 nonlmpro·
663 3785 784 3834 nimirum
804 3785 946 3834 'thessalia
969 3785 1112 3846 provincia,
1134 3800 1193 3850 que

90 3859 314 3920 habitandaque
322 3860 422 3919 ι’ςιιαηι
431 3873 560 3922 rexeeprra
572 3873 624 3907 eam
663 3868 726 3911 tunc
738 3860 787 3909 sub
798 3860 969 3909 ltlseedonum
981 3860 1101 3922 imperio.

92 3935 229 3984 struthia
239 3935 539 3997 agnominemur.
672 3977 678 3986 .
696 3944 709 3971 ¹
726 3936 911 3999 compulteriam
923 3933 1131 3998 [Combulteriam]
1141 3935 1194 3985 Ubi

124 4019 135 4055 t
154 4012 224 4060 Crito
235 4013 356 4062 um·
368 4009 507 4075 [umen]
532 4011 623 4062 Dictus
663 4013 698 4061 sit
716 4013 767 4062 boe
784 4010 908 4075 oppidum
926 4009 1040 4071 ignorari
1060 4011 1195 4061 Cluverius

91 4087 624 4147 videturaBrrraen,aireBero'r'hlaerdo·
663 4089 771 4141 latetur.
805 4086 956 4136 llolateulus
968 4087 1197 4148 Compulteriam

94 4167 145 4214 nie
162 4164 196 4213 ad
218 4162 324 4213 flnrluru
338 4161 535 4214 Haliacmonem
550 4163 624 4213 urbe.
663 4164 821 4214 mentionem
832 4161 888 4211 bert
898 4161 924 4208 in
935 4160 1022 4221 lapide
1031 4163 1138 4225 antiquo
1150 4165 1195 4226 qni

93 4239 574 4302 Quidamroriptiridenturlloeotium
588 4239 625 4290 dl·
665 4240 776 4289 celatim
799 4245 882 4298 estat,
904 4251 938 4286 ex
960 4235 1105 4286 &tariano
1128 4239 1195 4287 lllet·

156 4322 249 4386 Detpt.
261 4326 287 4372 et
301 4321 359 4371 Ver.
374 4321 438 4372 cun.
608 4319 700 4370 Liuiae
1068 4323 1084 4366 u
1104 4317 1127 4366 N
