2917 4767
365 386 473 435 urnnr
498 384 614 436 xvrrr.
637 386 964 440 surrunnnnrnn.
1005 442 1009 447 ,
1043 422 1055 443 „
1131 372 1234 451 lbffi,

129 534 192 589 Ἅι,
209 527 313 589 Tanta
322 548 356 591 ra
366 528 512 609 partem
523 548 592 590 cum
600 531 748 593 exercitur
759 528 861 611 apollin
868 536 1009 593 nenormn
1022 540 1054 593 et

85 625 276 705 imperatore
296 623 507 685 Romanorum
517 634 607 705 capto
626 628 767 708 auperbua
785 626 995 707 Carthaginem
1007 648 1054 689 ne·

87 730 272 790 verteretur,
286 720 409 780 obviam
419 720 514 780 effuaa
519 721 696 781 urbanorum
703 720 874 793 multitudo,
885 721 935 781 alii
946 722 1055 785 invicia

87 825 148 874 aut
160 815 305 876 dmnrbua
315 816 518 887 ooruiatentea,
535 815 701 878 incredibili
712 836 781 879 cum
793 817 957 898 voluptate,
971 838 1054 897 apec-

87 910 213 980 taeulo,
226 910 419 992 qualepaulo
428 912 557 972 antevix
566 914 741 991 uptareanai
749 921 856 983 ament,
868 912 1054 973 fruebantur:

87 1008 147 1066 vix
159 1016 260 1067 tantm
272 1006 425 1067 felicitatis
446 1006 496 1067 vel
516 1006 667 1085 gaudium,
686 1007 735 1069 vel
755 1008 846 1069 etiam
869 1007 958 1069 fidem
970 1010 1053 1089 capi·

88 1104 219 1162 entibus
231 1104 349 1162 animia.
390 1102 455 1168 Qui
475 1102 553 1164 enim
570 1102 803 1184 modoproximo
823 1102 1054 1184 desperationem
1082 1128 1188 1179 Diona
1144 1144 1215 1244 ,ip

92 1292 186 1353 moun
197 1294 333 1354 amittere
344 1293 513 1363 timuerant,
530 1294 552 1353 ii
564 1242 678 1355 tantari
690 1314 786 1355 rernm
798 1242 1103 1357 commutationenin

92 1390 205 1448 subito
218 1388 327 1449 laetam
339 1409 414 1461 anae,
428 1408 599 1469 quanquam
610 1389 754 1462 viderent,
767 1391 820 1451 rix
830 1389 981 1451 audebant
992 1410 1054 1451 cre·

90 1483 184 1543 dere.
228 1482 289 1544 Sed
310 1485 441 1544 maximo
458 1483 490 1546 in
510 1485 589 1566 ipaoa
605 1483 695 1545 duoea
715 1486 819 1547 intenti
832 1488 962 1547 omnium
975 1487 1054 1549 oculi

94 1580 252 1658 animique
265 1588 368 1640 erant:
389 1599 458 1640 cum
466 1580 555 1640 modo
568 1580 790 1661 Xanthippum,
802 1580 889 1641 modo
902 1581 1054 1661 Regulum

96 1676 261 1745 intuentes,
273 1676 364 1754 hnjua
376 1676 567 1738 Quone
576 1676 809 1754 magnitudinem
819 1678 863 1737 rui
874 1677 1055 1758 imperatoris

96 1771 274 1837 metirentur
285 1770 530 1851 extollerentqua.
571 1770 751 1838 ‘Quantum
773 1771 857 1833 illum
877 1792 939 1833 aare
961 1774 1055 1832 virum

97 1874 249 1945 oportere,
272 1868 326 1947 qni
345 1866 451 1927 duoern
464 1867 649 1938 acerrimum,
667 1867 848 1929 imtrruatum
870 1868 1054 1937 bellatorem,

97 1962 244 2022 rictorem
263 1963 433 2042 anperbum,
453 1963 567 2024 hortem
586 1962 819 2043 implacabilem,
840 1970 978 2023 terrorem
992 1982 1057 2043 per-

97 2067 223 2138 temque
235 2078 351 2138 magna
365 2058 563 2138 Carthaginis,
584 2059 717 2121 exercitu
728 2056 942 2130 florentissimo,
955 2058 1055 2119 existi·

98 2154 234 2215 mamone
261 2155 453 2236 ampliaaima,
479 2154 617 2217 libertate
636 2154 766 2234 denique
789 2154 853 2235 ipra
878 2163 939 2215 tam
964 2153 1055 2216 facila

100 2258 226 2329 tamque
245 2250 383 2311 celeriter
400 2250 564 2312 exnimetl'
603 2250 749 2329 Augebat
765 2249 987 2310 admirationem
1000 2250 1054 2311 ha·
1082 2278 1218 2331 ΒΗΜΛ,

100 2344 183 2405 bitur
205 2347 274 2417 riri,
301 2346 382 2427 quod
402 2348 458 2407 nub
479 2346 596 2425 exiguis
620 2346 769 2415 menbris,
795 2354 973 2427 aspectuque
997 2364 1054 2407 non
1068 2348 1217 2396 urantur.

101 2441 191 2500 nimia
209 2440 332 2513 decoro,
358 2443 506 2520 ingentem
528 2442 665 2501 virmtem
684 2440 896 2504 occultaverat.
936 2442 1055 2510 Quibus
1065 2459 1155 2525 Polyb.

99 2558 142 2597 ex
166 2537 255 2596 rebus
275 2536 400 2597 multum
420 2537 598 2618 Xanthippo
618 2535 730 2615 gloria,
753 2536 806 2597 ned
826 2553 881 2599 neo
901 2538 996 2600 minua
1009 2538 1053 2597 in·

99 2632 193 2693 vidire
213 2633 399 2695 rumpebatur.
440 2633 512 2699 Quo
531 2633 563 2691 in
585 2640 714 2692 monatm
732 2631 916 2711 profligando
928 2652 986 2694 non
998 2633 1053 2693 mi·

100 2748 172 2788 nore
186 2727 357 2807 prudentia,
378 2746 469 2807 qnam
491 2729 522 2786 in
542 2724 622 2785 bello
642 2725 838 2799 conficiendo,
860 2746 940 2801 uerna,
961 2746 1054 2806 quan·

100 2842 194 2903 quam
206 2822 362 2883 diuturnus
374 2823 432 2903 ipai
449 2821 593 2882 laetorum
611 2840 728 2881 auorum
746 2820 858 2882 fruetus
870 2822 1052 2900 Carthagine
1065 2844 1137 2895 οη,
1148 2849 1218 2897 mu,

102 2916 273 2990 deberetur,
292 2916 458 2998 relinquere
469 2936 536 2997 epea
548 2917 692 2997 ancipites
702 2923 735 2976 et
755 2916 925 2977 insidiarum
939 2916 1052 2998 plenae,

102 3021 135 3073 et
146 3022 218 3073 ante
238 3014 432 3074 mutationem
447 3012 620 3084 animorum,
643 3020 697 3073 ant
717 3011 853 3084 fortunae,
877 3011 996 3074 domum
1009 3032 1055 3073 re·

103 3108 186 3186 gredi
198 3110 313 3170 nansia

143 3211 196 3265 Ἅι.
219 3203 295 3266 Hoc
315 3206 395 3264 enim
414 3202 588 3287 plerumque
610 3203 728 3283 ingenio
749 3201 883 3263 hominen
899 3210 1000 3281 agunt,
1022 3212 1056 3263 ut

104 3300 209 3380 patriar
221 3298 351 3359 studium
364 3301 394 3359 in
407 3318 469 3370 ore,
482 3299 630 3381 privatum
642 3300 673 3359 in
689 3298 787 3361 auimo
800 3298 894 3377 magia
905 3298 1053 3361 habeant:

105 3396 194 3474 igitur
210 3394 352 3473 quamdiu
372 3393 493 3477 quidam
509 3395 635 3454 bonores
647 3393 809 3455 otdiuitian
829 3394 968 3455 ineolumi
982 3395 1055 3456 ciri·

104 3500 166 3551 tate
188 3509 321 3571 quarere
346 3490 480 3571 tuerique
504 3500 636 3570 ponunt,
659 3509 789 3551 amorem
811 3488 891 3551 illius
915 3490 1056 3551 ardentin-
1175 3521 1179 3528 ·

103 3588 211 3647 nimum
228 3586 406 3666 proeiernnt:
427 3585 478 3644 ubi
490 3584 652 3667 periculum
663 3594 709 3646 eat
720 3604 758 3647 ne
771 3585 811 3647 ad
830 3584 904 3646 alioa
920 3586 960 3651 nb
972 3606 1053 3666 mag·

105 3702 173 3741 nam
196 3682 335 3742 virtutem
360 3690 393 3744 et
414 3682 528 3742 eximia
550 3681 657 3743 merita
678 3682 743 3743 hare
769 3681 945 3752 concedant,
968 3682 1053 3760 longe

106 3777 221 3837 malurn
243 3777 345 3838 deese
367 3776 419 3855 qui
443 3776 572 3858 publice
597 3778 640 3837 rei
663 3778 784 3857 prosint,
807 3797 897 3857 quam
919 3796 981 3837 eane
1001 3777 1054 3853 qui

104 3874 205 3933 obsint
215 3892 287 3935 aute.
328 3870 435 3932 Donec
447 3880 546 3934 autern
558 3872 634 3933 aliua
646 3874 827 3955 aequiparare
841 3892 924 3953 ponae
937 3878 1053 3951 putruit,

103 3969 251 4030 occultior
273 3977 364 4048 atque
384 3968 531 4028 ramiaaiua
549 3967 698 4029 inrident:
719 3988 788 4029 cum
803 3988 874 4029 vero
886 3966 1053 4044 longinaime

105 4064 212 4136 relicti,
232 4064 453 4145 comparatione
471 4064 636 4144 propinqua
656 4084 687 4124 ae
709 4063 802 4144 premi
816 4064 958 4133 mutiunt,
970 4080 1055 4139 open·

106 4180 160 4239 qne
172 4170 204 4221 et
216 4160 417 4237 maganutus,
433 4179 507 4238 quon
526 4160 582 4240 ipsi
597 4160 747 4232 sitiebant,
769 4178 858 4239 panea
876 4156 949 4219 elion
970 4176 1032 4217 eane
1041 4177 1051 4225 ;
