2917 4767
496 382 568 429 mu.
592 380 707 429 xxrv.
730 382 813 432 unu.
834 368 889 433 43.
1147 369 1234 435 2063

182 524 236 589 43.
259 524 350 589 Haeo
364 526 400 589 iu
415 524 595 608 Hispania,
610 526 657 606 Q.
670 526 792 604 Fabio,
808 526 858 591 M.
871 526 1015 592 Claudio
1027 531 1233 609 consulibus,

114 632 246 705 gesta.
290 626 412 693 Rome
434 647 511 691 oum
537 629 660 693 tribuni
685 629 798 711 piebis
822 631 904 694 nori
929 630 1161 713 magistratum
1185 634 1234 697 iu·

118 727 256 803 issent,
274 728 444 811 extemplo
466 729 672 806 censoribus,
696 730 737 793 Ρ.
760 728 862 795 Furio
884 740 918 795 et
942 731 992 797 Μ.
1010 732 1128 811 Atilio,
1152 754 1174 799 a
1195 734 1234 799 Ia.

121 828 281 894 Metello
293 830 426 895 tribuno
447 832 556 914 plebis
571 831 643 895 dies
658 832 752 896 dicta
768 834 810 896 sd
828 834 988 917 poputum
1004 841 1068 897 est.
1113 836 1234 913 Quaes-

120 937 245 994 torem
267 950 345 995 eum
372 932 525 1013 proximo
547 951 646 1007 anuo,
671 933 804 997 ademto
826 954 924 1017 equo,
949 936 1036 1000 tribu
1064 946 1236 1003 moverant

109 1041 240 1115 atque
255 1033 408 1096 serarium
431 1032 587 1111 fecerant,
609 1041 748 1116 propter
768 1034 1027 1118 conjurationem
1042 1038 1233 1103 deserendae

124 1134 251 1197 ltaliae
264 1132 307 1197 od
319 1133 454 1199 Gauuas
470 1134 622 1199 iactam.⁶
665 1136 733 1199 Sed
752 1156 871 1201 novem
887 1139 1090 1202 tribunorum
1106 1142 1235 1207 auxilio

124 1236 235 1299 vetiti
249 1254 388 1300 eausam
403 1238 437 1300 iu
454 1238 646 1318 magistratu
662 1239 781 1315 dioere,
798 1238 997 1323 dimissique
1013 1240 1153 1305 fuerant.
1179 1241 1234 1306 Ne

125 1338 278 1402 lustrum
303 1338 512 1420 perficerent,
539 1357 627 1403 mors
650 1340 824 1423 prohibuit
840 1338 878 1403 P.
895 1340 997 1405 Furii·
1045 1341 1093 1404 Μ.
1109 1340 1235 1407 Atilius

128 1439 336 1519 magistratu
350 1458 388 1503 se
405 1438 586 1504 abdicavit.
631 1440 831 1505 consularia
853 1442 990 1506 comitia
1011 1444 1125 1507 habita
1147 1464 1168 1507 a
1190 1444 1235 1524 Q.

130 1540 248 1603 Fabio
263 1540 420 1603 Maximo
434 1540 583 1604 consule.
637 1539 748 1604 creati
765 1541 925 1605 eonsules
948 1544 1046 1606 ambo
1069 1546 1234 1622 absentes,

120 1640 183 1719 Q.
213 1640 340 1705 Fabius
364 1640 545 1717 Maximus,
571 1640 722 1705 consulis
748 1641 851 1719 iilius,
878 1648 912 1705 et
937 1642 990 1706 Ti.
1018 1644 1235 1727 Sempronius

122 1742 311 1807 Gracchus
326 1744 455 1806 iterum.
498 1741 666 1807 Praetores
680 1742 766 1807 tiuut
783 1742 832 1805 Μ.
847 1740 986 1819 Atilius,
1013 1751 1061 1819 et,
1086 1747 1142 1826 qui
1164 1753 1236 1809 tum

132 1844 255 1907 aediios
270 1846 401 1908 curules
415 1852 520 1918 eraut,
537 1843 576 1907 P.
592 1844 811 1926 Sempronius
826 1842 1016 1907 Tuditanus
1031 1852 1065 1906 et
1080 1843 1140 1908 Cu.
1163 1846 1234 1911 Fui-

130 1946 212 2008 vius
227 1945 468 2009 Centumalus⁷
490 1954 527 2009 ot
550 1944 600 2008 Μ.
618 1944 775 2008 AEmiiius
791 1944 950 2027 Lepidus.
993 1944 1110 2008 Ludos
1126 1948 1236 2012 sceui-

130 2064 196 2107 oos
212 2064 272 2125 per
285 2046 499 2127 quatriduum
525 2065 568 2109 eo
590 2065 680 2110 anuo
705 2046 847 2127 primum
873 2044 986 2108 suctos
1003 2045 1046 2108 ab
1062 2047 1235 2113 curulibus

131 2147 306 2220 aedilibus,
322 2149 489 2213 memoriis
510 2148 671 2229 proditur.
717 2148 842 2211 AEdilis
861 2146 1050 2211 Tuditanus
1073 2148 1127 2212 hio
1152 2159 1236 2225 erat,

130 2244 195 2329 qui
216 2248 258 2309 ad
274 2247 424 2325 Cannas,
439 2266 566 2329 pavore
581 2248 659 2311 eliis
674 2248 708 2310 in
723 2254 814 2311 tauta
829 2246 925 2311 clade
940 2250 1161 2335 torpentibus,
1177 2270 1237 2333 per

133 2346 269 2411 medios
282 2348 395 2413 hostes
405 2348 538 2414 evasit.⁸
582 2348 737 2413 Comitiis
750 2346 917 2430 perfectis,
927 2358 1061 2415 auctore
1073 2350 1117 2429 Q.
1132 2352 1236 2416 Fabio

131 2450 288 2525 consule,
309 2450 475 2532 designati
497 2450 652 2514 eonsules
667 2448 813 2513 Romam
835 2452 988 2513 arcessiti
1010 2454 1236 2532 magistratum

132 2552 321 2615 inieruotr'
341 2562 559 2636 senatumque
578 2550 620 2615 de
643 2551 731 2613 beiio
755 2568 795 2613 ao
818 2551 1001 2632 provinciis
1028 2552 1098 2614 suis
1119 2560 1237 2633 praeto-

133 2672 291 2736 rumque,
307 2659 342 2717 et
360 2653 404 2717 de
419 2653 639 2729 exercitibus,
657 2652 783 2733 quibus
803 2650 926 2734 quique
947 2658 1139 2732 praeessent,
1155 2670 1237 2715 oon-

136 2755 326 2820 sulueruut.

593 2866 776 2888 ”comum

170 3020 187 3065 o
202 3016 210 3043 ‘
223 3016 285 3063 Put.
303 3014 482 3063 dereredduetss
491 3013 567 3061 uerte
577 3015 604 3059 ot
613 3026 709 3059 mm.
744 3010 803 3057 Pet.
819 3010 909 3057 deserte
920 3014 987 3057 uetur
998 3009 1078 3057 [tutia
1088 3012 1120 3057 ud
1134 3012 1237 3057 Gonnos.

134 3081 211 3129 Voss.
229 3079 494 3139 deserteactrultolioe.
529 3075 719 3137 Atiquidintet.
749 3074 828 3121 Forte
847 3072 1020 3131 scribendum,
1031 3076 1164 3122 deserendo
1175 3080 1238 3121 meta

135 3146 219 3193 ltalia
230 3143 329 3191 Ραωίί
339 3142 452 3201 foetum
468 3148 513 3191 ant
530 3142 664 3189 deserenda
674 3144 746 3186 term
758 3135 848 3189 Ituit'oe.
882 3136 949 3185 Vide
959 3152 1035 3199 supra
1053 3138 1097 3185 tib.
1109 3150 1180 3187 nrt.
1197 3144 1238 3187 ⁶2.

134 3208 228 3258 etot?
244 3210 271 3256 J.
284 3208 316 3257 F.
335 3209 487 3255 Gnoson-7
507 3204 547 3252 nt.
567 3204 772 3252 Gentianus-8
790 3202 843 3249 Pro
862 3202 935 3250 euasit
956 3202 1022 3251 Edd.
1042 3210 1102 3252 ante
1123 3202 1238 3251 Gronov.

135 3275 236 3323 liabent
247 3273 334 3335 erupit.

637 3410 744 3463 NOTAE

136 3549 261 3609 draginta
272 3555 390 3597 numeret
401 3547 473 3597 Ptol.
506 3546 602 3595 Verum
618 3545 667 3594 iroe
710 3541 949 3605 Olcadesmequnrn
964 3548 1065 3604 purtem
1078 3542 1126 3591 hoo
1139 3548 1239 3605 tempo·

138 3626 201 3675 betti
213 3624 306 3675 Punici
324 3631 442 3687 tempore
462 3624 585 3671 terminos
599 3622 668 3671 iuter
709 3634 738 3667 re
757 3622 899 3669 tenebunt:
917 3618 962 3666 uiri
982 3618 1046 3666 vetis
1063 3618 1104 3666 irie
1118 3620 1240 3679 proTur·

136 3702 300 3756 sanationes
318 3700 420 3759 instari,
435 3698 666 3759 exiqusmtsntnm
708 3695 818 3750 detanis.
844 3707 952 3757 quornm
981 3706 1071 3741 nornen
1100 3694 1161 3741 stibi
1184 3693 1239 3744 fers

136 3779 244 3827 uerte·
257 3786 356 3840 partem
365 3776 478 3824 tenuisse
490 3774 628 3823 ridentur:
640 3782 668 3823 ot
708 3772 868 3833 incognitum
883 3768 961 3825 Livio,
974 3768 1022 3823 ieri
1037 3768 1164 3824 sunaus,
1178 3782 1240 3830 quo·

136 3853 207 3903 forte
219 3868 274 3900 earn
288 3853 332 3901 nbi
350 3850 588 3915 post'l'nrdntornur
609 3864 669 3911 pers
709 3862 765 3897 rum
785 3848 854 3894 intre
872 3842 936 3891 flues
953 3842 1092 3904 Seguntus.
1126 3842 1240 3892 Otesder

135 3944 229 3978 serens
243 3937 329 3975 ornus
348 3928 381 3976 ed
396 3928 571 3975 Orotanornnr
583 3926 668 3973 Basti·
709 3932 865 3972 tamencum
883 3918 948 3967 urire
960 3919 1083 3982 Cartheia
1095 3918 1127 3968 ad
1146 3920 1239 3969 lterum

135 4013 309 4067 terrorumque
319 4003 446 4053 confluis:
465 4016 497 4049 ne
506 4002 612 4050 nimium
624 4004 669 4050 sb·
708 4000 773 4062 Tagi
793 4004 892 4060 pouaut
913 3994 996 4045 Ssnso
1011 4001 1040 4043 et
1056 3996 1181 4059 Brietius,
1197 3996 1241 4061 qui

135 4080 236 4130 t‘nerint
257 4094 274 4128 e
293 4082 419 4141 Sagunto,
434 4078 476 4127 cni
493 4078 587 4126 betium
607 4092 669 4127 oon·
707 4074 832 4138 oppidum
845 4070 929 4135 Ocufio
945 4070 1142 4135 iuterpretatur.

137 4154 215 4204 tiarae
236 4161 298 4202 ente
325 4152 522 4215 quadriennium
543 4152 671 4202 dicuutur.
743 4152 758 4181 ⁹
776 4150 808 4200 Α.
822 4150 964 4200 U.C.ii⁹.

139 4232 251 4295 Reliqua
272 4238 301 4278 ut
323 4244 356 4277 ex
375 4228 549 4289 superioribus
567 4239 671 4279 constat
