2917 4767
494 351 568 401 nra.
591 349 680 398 xxi.
696 350 788 402 ‘osa
810 335 865 401 25.
1146 339 1236 406 1695

113 490 376 572 obsiderentur,
390 493 425 558 et
443 513 533 575 gens,
546 493 592 562 a'd
607 495 908 578 oppugnandarum
922 497 1053 562 urbium
1068 505 1157 565 artes
1178 519 1234 566 ru·

120 588 194 673 dis,
208 597 391 680 pigerrima
405 596 522 660 eadem
537 596 581 660 ad
594 597 754 661 militaria
769 615 884 679 opera,
900 600 1012 681 segnis
1027 600 1164 664 intactis
1180 621 1234 666 aa·

120 697 255 762 sideret
276 698 407 777 murier
428 697 579 762 simulari
605 704 755 779 ooeptum
782 698 825 762 de
841 717 924 782 pace
939 700 1013 781 agi:
1034 701 1234 785 evocatique

120 799 174 861 ab
200 799 383 864 Gallorum
397 799 604 881 principibus
618 801 722 881 legati
745 800 789 864 ad
805 801 1023 884 colloquium,
1034 820 1100 866 uon
1116 811 1235 870 eontra

113 899 185 980 jara
199 901 304 966 modo
318 903 480 982 gentium,
496 902 555 964 sed
571 902 697 967 violata
711 903 911 986 etiamque
923 903 1005 966 data
1015 903 1094 966 inid
1105 908 1234 988 tempus

122 1009 216 1079 erat,
230 1002 311 1080 fide,
322 1004 639 1085 comprehenduntur
648 1023 660 1082 ς
670 1004 871 1085 negantibus
885 1003 1008 1080 Gallia,
1018 1005 1084 1068 nisi
1096 1006 1234 1072 obsides

121 1101 198 1166 sibi
226 1102 456 1180 redderentur,
479 1123 540 1167 eos
570 1103 776 1198 dimissuros.
834 1104 921 1168 Cum
948 1104 1023 1169 brec
1049 1106 1091 1168 de
1115 1106 1235 1188 legatia

123 1203 289 1268 nuntiata
302 1214 429 1281 essem,
442 1210 475 1268 et
490 1203 622 1268 Mutina
638 1205 904 1289 praesidiumque
918 1207 952 1269 in
968 1207 1119 1290 periculo
1134 1215 1232 1286 esset,

123 1303 170 1366 L.
185 1303 342 1369 Manlius
364 1313 499 1389 proetor,
514 1306 566 1370 ira
580 1324 758 1383 accensos,
775 1305 918 1372 effusum
935 1327 1051 1389 agmen
1066 1308 1109 1372 ad
1128 1307 1230 1373 Muti·

124 1423 208 1468 nam
222 1405 329 1470 ducit.
372 1407 487 1490 Sytrae
505 1413 583 1471 tnnc
601 1407 693 1471 eirea
706 1407 793 1472 uiam
810 1412 917 1483 erant,
940 1408 1108 1491 plerisque
1126 1409 1234 1474 incul-

125 1504 205 1568 tis-⁶
215 1515 230 1544 ³
276 1506 344 1584 lbi,
357 1508 572 1590 inexplorato
592 1505 775 1589 profectus,
789 1509 824 1572 in
835 1507 973 1574 iusidias
988 1511 1231 1592 praecipitatus,

125 1605 331 1690 multaque⁷
360 1627 447 1671 -oum
475 1606 568 1672 eade
596 1625 731 1671 suorum
760 1626 847 1689 aegre
872 1609 906 1672 in
930 1617 1066 1692 apertos
1095 1628 1234 1694 campos

128 1710 280 1772 emersit.
304 1705 360 1772 lbi
374 1716 487 1772 eastra
499 1709 724 1787 oommauita3
747 1709 883 1790 etquid
896 1707 1008 1774 Gallis
1019 1709 1061 1774 ad
1075 1710 1234 1776 tentanda
1263 1769 1265 1774 .

126 1827 173 1872 es
187 1807 296 1873 defuit
320 1828 416 1892 spes,
435 1808 555 1872 reiecti
576 1817 656 1874 snut
674 1809 818 1874 militnm
839 1808 952 1885 animi,
974 1827 1165 1892 quanquam
1188 1809 1233 1876 ad

128 1928 163 1972 e.
179 1910 364 1974 cecidisse⁸
379 1910 466 1974 satis
484 1910 673 1977 constabat.
719 1907 788 1973 lter
803 1909 921 1974 deiude
936 1909 978 1972 de
992 1909 1119 1992 integro
1139 1931 1232 1994 coep·

128 2020 215 2087 tom,
231 2031 309 2088 neo,
320 2012 397 2076 dum
410 2031 470 2094 per
484 2011 637 2093 patentia
649 2011 728 2074 loca
742 2009 926 2075 ducebatur
935 2029 1065 2092 agmen,
1075 2011 1232 2094 apparuit

128 2113 285 2194 bostis3⁹
305 2113 364 2177 ubi
383 2131 497 2179 rursus
522 2112 627 2196 sylvae
643 2111 786 2190 intrare,
802 2117 873 2176 tum
895 2119 1086 2194 postremos
1110 2112 1232 2192 adorti,

127 2232 211 2277 eum
224 2232 346 2293 magna
360 2212 584 2295 trepidatione
604 2231 645 2276 ac
669 2231 794 2294 pavore
810 2213 971 2291 omnium,
988 2215 1194 2296 octingentos
1206 2219 1233 2256 '⁹

126 2315 259 2378 milites
278 2314 484 2392 oeciderunt,
506 2333 568 2377 sex
587 2313 683 2395 signa
697 2313 863 2377 ademere.
909 2313 1004 2378 Finis
1027 2321 1060 2379 ot
1084 2314 1230 2380 Galiis¹¹

127 2414 317 2485 territandi,
338 2421 372 2478 et
389 2415 534 2498 parendi
550 2413 715 2484 Romanis
729 2415 802 2493 snit,
819 2422 856 2479 ut
872 2436 891 2479 e
907 2416 995 2480 salto
1016 2417 1109 2482 invio
1130 2425 1232 2500 atque

127 2517 293 2602 impedito
307 2537 454 2583 evasere·
499 2517 594 2594 Inde,
604 2517 728 2596 apertis
739 2516 826 2584 locis
836 2515 936 2580 tacite
948 2524 1092 2580 tutantes
1102 2535 1230 2598 agmen,

589 2691 769 2716 ”OWONJ

127 2828 156 2877 is
164 2827 306 2877 triusim
314 2839 402 2887 scm
410 2831 525 2876 stades
535 2826 637 2889 inpetus
645 2825 678 2873 sit
687 2825 780 2884 frctus.
810 2822 869 2872 Hoe
879 2821 947 2871 enim
957 2836 1059 2886 qrroque
1066 2823 1161 2873 'ordine
1173 2840 1231 2875 rer.

129 2893 221 2947 baran
233 2893 306 2942 Fior·
316 2890 387 2940 (iud.
398 2899 453 2943 tm
464 2890 531 2940 Par:
547 2892 576 2939 J.
589 2891 618 2942 F.
628 2890 734 2938 erm.
767 2887 807 2938 Aa
817 2887 891 2936 Boios
905 2887 971 2936 aust
989 2887 1096 2950 DouJat.
1114 2889 1229 2940 Crevier.

127 2963 177 3006 -u
188 2956 278 3006 ‘Iocis
289 2954 389 3004 rudant
398 2969 456 3004 eum
466 2955 572 3016 Sigonio
583 2955 648 3004 Mra.
659 2952 789 3013 nonuuiti;
803 2951 869 3015 quod
882 2960 954 3000 certe
967 2951 1161 3012 intelligendum
1174 2955 1230 3004 est.'

129 3015 275 3071 &nik-7
293 3019 383 3068 ‘Dete
401 3021 581 3083 copulativam,
602 3027 632 3066 ut
649 3019 701 3067 rit:
725 3016 761 3064 itt
777 3015 925 3077 inexplorato
938 3013 1066 3078 profectas,
1084 3018 1110 3064 ia
1129 3018 1230 3068 insidias

127 3085 304 3148 precipitatus,
314 3083 388 3132 matta
402 3097 455 3131 eam
470 3085 532 3132 cede
542 3097 636 3132 saonis
645 3115 652 3131 .
661 3114 669 3130 .
678 3093 757 3141 ‚agre
767 3080 869 3128 emeret.
901 3080 943 3128 Sic
955 3079 1083 3140 Andreas,
1092 3079 1151 3130 Tar.
1163 3083 1230 3133 Veu.

129 3149 193 3198 ere.
204 3149 317 3198 Aeaeus.
329 3147 491 3210 moguntina.
522 3147 642 3197 doarium
659 3146 704 3194 tib.
717 3156 812 3195 xxxii.
829 3143 836 3171 ‘
850 3143 919 3192 Dum
935 3157 996 3192 auos
1012 3144 1037 3190 in
1056 3145 1173 3205 pretium
1190 3161 1230 3196 re·

128 3221 214 3269 roest,
225 3214 253 3260 in
266 3213 377 3261 transitu
387 3211 463 3261 turs
473 3226 542 3274 equo
554 3211 768 3273 precipitatum
783 3208 949 3257 multitudine
966 3208 1076 3256 bostram
1092 3224 1229 3271 oppressus

127 3278 185 3327 αι’
220 3277 281 3326 Nisi
296 3277 380 3331 urstis.
395 3276 577 3339 prapaes:
592 3275 619 3326 J.
633 3274 664 3324 F.
675 3273 839 3323 (henou-8
855 3271 914 3322 ‘At
926 3274 956 3322 C.
967 3271 1094 3331 recidi-er
1110 3274 1229 3324 dedimus

127 3342 198 3404 qaod
210 3341 321 3390 carteia
333 3355 383 3389 uuo
396 3341 507 3401 Maest,
524 3347 552 3392 et
569 3339 601 3389 sd
621 3339 776 3403 reliquorum
796 3338 938 3388 Mariorum
956 3337 1092 3386 tectionem
1111 3339 1229 3400 proxime

127 3406 249 3466 acredi13
266 3419 409 3469 quiunquam
426 3403 501 3454 facite
520 3403 682 3463 crediderim,
698 3400 799 3466 majoris
819 3403 918 3451 numeri
936 3406 1020 3450 uotam
1036 3402 1172 3460 excidisse,
1190 3405 1230 3456 rei

128 3471 275 3519 absumtarn
287 3483 343 3517 esse
354 3485 369 3518 s
381 3469 570 3532 prepositionis
588 3469 620 3517 ad
638 3467 778 3528 posteriori
797 3466 890 3527 titers;
906 3467 944 3530 its
962 3473 990 3514 rrt
1002 3467 1138 3530 tegendum
1151 3476 1230 3532 esset,

127 3549 263 3597 aarum
280 3535 311 3582 sd
324 3533 380 3583 Dc.
389 3533 509 3592 cecidisse,
518 3537 558 3595 de.
590 3533 623 3582 lu
637 3533 678 3581 ed.
689 3531 799 3581 Medioi.
811 3539 860 3587 ast,
879 3545 1010 3594 querquera
1022 3532 1111 3581 naurs
1122 3547 1159 3582 res
1169 3535 1230 3584 satir

126 3600 269 3656 metm
284 3599 355 3662 qnod
368 3611 457 3648 omnes
473 3597 596 3712 deinceps
617 3596 731 3646 editores
747 3603 893 3651 serrarum,
905 3597 966 3645 ticet
977 3596 1003 3644 in
1015 3597 1095 3658 mrito,
1106 3607 1229 3659 qnantum

127 3666 234 3719 ammos,
245 3669 319 3712 estet
330 3663 431 3713 rodier.
463 3663 531 3712 Mas.
541 3677 558 3712 o
577 3669 654 3711 eruut
665 3675 797 3724 qssspsom
806 3660 925 3718 recidisse,
941 3661 973 3708 ad
985 3660 1093 3724 riadisse,
1103 3663 1228 3718 audisse,

127 3728 277 3788 martinse,
288 3727 541 3786 wistremirum
558 3725 690 3786 accesisse,
700 3734 728 3774 et
740 3723 877 3774 Gudianus
893 3725 924 3773 sd
942 3723 970 3772 C·
987 3723 1115 3772 κείω]
1131 3725 1229 3780 Strotb.

131 3793 276 3856 stsqsars
292 3796 414 3840 sexcentos
430 3789 549 3840 cecidisse·
562 3791 607 3839 dat
619 3789 844 3852 Kreyssigins.-9
860 3786 929 3836 Olim
946 3787 1080 3849 tegebatur
1096 3802 1148 3836 cum
1160 3803 1232 3852 appa·

128 3859 178 3907 nit
189 3855 339 3905 hortm-1⁰
356 3855 420 3904 Mas.
434 3855 577 3904 nce-u
595 3855 656 3904 Vet.
673 3855 717 3905 tib.
730 3852 798 3920 spud
809 3853 897 3916 Sigon.
914 3849 985 3902 maa
1000 3857 1023 3900 et
1038 3851 1093 3900 iude
1109 3852 1230 3904 Gatrus-

629 4013 737 4068 NOTAE

158 4137 171 4165 ¹
188 4127 432 4192 Pterisprrisesttis]
447 4097 573 4192 Istetttge
591 4129 656 4193 bats,
698 4123 984 4188 monstrauimus
1004 4125 1077 4174 enttu
1094 4125 1229 4186 destituta.

130 4216 187 4272 que
199 4203 298 4271 passius
309 4203 353 4254 ibi·
362 4205 432 4255 intra
448 4209 476 4254 et
492 4204 591 4256 cirrum
606 4205 658 4268 syt-
699 4203 799 4270 tesquis
811 4216 843 4254 se.
852 4201 964 4256 dumetis
975 4201 1058 4252 obsita
1068 4202 1218 4258 horrebant.
