2917 4767
511 341 583 389 nra.
606 333 692 391 xxi.
713 340 796 391 aar.
817 324 872 391 10.
1158 330 1246 399 16oe

102 474 302 547 scedarum
316 482 462 549 arbitros
483 502 527 549 ac
550 490 668 562 testes,
690 485 875 564 monuisse,
898 485 1105 570 praedixisse
1127 508 1176 566 se,
1202 511 1243 557 ne

105 578 352 650 Hamilcaris
363 583 390 625 ¹⁶
424 585 617 667 progeniem
647 586 691 651 ad
717 588 900 653 exereitum
927 588 1110 655 mitterent.
1160 591 1243 657 Nou

104 700 265 769 mnes,
293 704 361 750 uon
386 687 524 768 stirpem
547 686 622 770 ejas
645 688 880 769 conquiescere
900 688 982 754 riri:
1003 710 1065 755 nee
1085 711 1243 775 unquam,

106 780 247 851 donec
280 788 455 868 sauguinis
480 789 690 871 nominisque
721 789 860 854 Barcini
882 790 1060 875 quisquam
1083 796 1242 877 supersit,

108 888 299 967 quietura
320 888 479 953 Romana
492 889 645 955 foenerer
687 890 855 956 Juvenern
877 892 1067 973 flagrantem
1082 894 1243 978 cupidine

108 992 245 1070 regni,
264 992 423 1073 viamque
435 1010 532 1054 auam
549 990 592 1055 ad
607 992 641 1056 id
657 999 855 1068 cernentem,
870 992 902 1055 si
917 1012 963 1057 ex
977 994 1075 1059 bellis
1088 995 1178 1060 bella
1191 1016 1244 1061 se·

108 1092 243 1157 rende
259 1094 454 1157 succinctus
466 1093 566 1157 armis
579 1093 839 1177 legionibusque,
848 1094 954 1171 vivat,
967 1095 1061 1162 uelat
1070 1099 1243 1163 materiam

110 1190 204 1275 igni
228 1196 435 1277 praebentes,
453 1194 496 1257 ad
518 1196 684 1259 exercitus
708 1196 862 1260 misistis.
904 1194 1051 1264 Ainistis
1073 1218 1152 1280 ergo
1175 1200 1241 1265 boc

110 1292 432 1377 incendiumque
449 1314 539 1359 nanc
564 1296 699 1360 ardetis.
743 1296 930 1377 Saguntum
945 1299 1048 1363 vestri
1069 1300 1244 1364 circumda

119 1393 222 1461 dent
244 1398 429 1473 exercitae,
455 1397 540 1461 aude
562 1405 716 1461 arcentur
737 1398 879 1462 ioedere:
902 1417 985 1463 mox
1009 1399 1245 1482 Carthaginem

122 1497 429 1563 circumcidebant
443 1498 609 1563 Renum
621 1498 783 1580 legiones,
798 1500 942 1565 dacibus
955 1500 1075 1567 iisdem
1087 1501 1175 1577 Diis,
1186 1522 1245 1585 per

126 1616 233 1680 quos
247 1599 362 1681 priore
376 1599 468 1664 bello
482 1607 582 1683 rupta
598 1601 726 1665 ioedera
746 1608 825 1665 sunt
846 1602 919 1666 ulti.
963 1601 1085 1665 Utrum
1098 1602 1243 1681 bostem,

127 1718 185 1763 ssu
199 1719 281 1779 vos,
296 1720 339 1764 an
354 1700 518 1765 fortunam
534 1701 709 1785 utriusque
724 1703 855 1787 popuii,
866 1702 1050 1784 ignoratisi
1081 1702 1244 1788 Logatos,

131 1800 185 1865 nb
200 1800 312 1867 sociis
327 1806 362 1865 et
374 1820 436 1883 pro
451 1802 555 1865 sociis
569 1804 755 1880 venientes,
770 1803 878 1867 bouus
892 1805 1073 1887 imperator
1086 1810 1197 1868 uester
1210 1806 1245 1869 iu

133 1906 257 1965 casim
267 1920 334 1965 non
348 1901 498 1979 admisit,
517 1903 735 1985 jasgeutium
749 1904 897 1967 sustulit
941 1902 993 1966 Hi
1016 1907 1137 1981 tamem
1157 1904 1245 1967 ande

137 2020 185 2065 ne
200 2001 353 2065 hostium
369 2002 508 2085 quidem
523 2002 626 2084 legati
642 2010 807 2081 arcentur,
832 2004 926 2086 puisi
949 2004 993 2067 ad
1017 2021 1079 2067 vos
1099 2004 1247 2080 veniunt,

138 2118 196 2163 res
216 2120 265 2165 ex
288 2102 417 2167 taedere
440 2110 604 2186 repetunt,
624 2103 762 2187 publiea
784 2104 876 2183 fraus
901 2102 1052 2181 absit,¹⁷·
1072 2110 1247 2168 auctorem

142 2202 259 2285 cnlpae
281 2210 319 2267 et
343 2222 435 2267 reum
458 2204 605 2268 criminis
630 2204 831 2288 deposcant.
887 2203 967 2283 Quo
991 2204 1101 2268 lenius
1128 2211 1245 2287 agunt,

144 2306 285 2385 segnius
301 2303 484 2387 incipiuut3
498 2323 550 2381 eo,
564 2324 639 2369 carn
656 2307 968 2387 coeperint,vereor,
981 2324 1024 2369 ne
1035 2324 1247 2389 perseveram

146 2405 210 2469 tius
234 2405 389 2469 saeviant.
432 2404 573 2487 AEgates
599 2405 748 2470 insulast
771 2404 1005 2490 Erycemque¹¹
1026 2410 1105 2472 suto
1128 2407 1245 2472 oculos

176 2609 190 2643 ¹
206 2600 504 2663 Stabilesstrrnsssjoedss
516 2600 752 2663 conlapsam
761 2615 814 2649 essa
824 2600 950 2651 Βωιιιιὶοι

608 2740 789 2765 Nm
816 2750 825 2760 ν

144 2862 257 2925 nuperi
293 2860 452 2921 Noanrseara
462 2858 507 2908 dat
519 2858 761 2923 Kreyssigiuse-lt
770 2866 778 2889 ⁸
786 2859 945 2909 Vossianus:
954 2872 983 2907 us
993 2860 1075 2909 testis:
1091 2859 1167 2909 oratis
1174 2858 1247 2909 Hert·

142 2927 214 2975 soris
223 2925 347 2974 acdestis
357 2930 479 2973 muctam:
495 2924 636 2973 obtestantis
651 2940 680 2974 ee
695 2924 828 2972 Resinam
836 2938 891 2972 eser
899 2922 1035 2984 Samrao
1048 2923 1189 2972 meitsrssrt
1200 2919 1249 2972 bei·

143 2992 211 3038 im:
233 2990 357 3037 masma.
400 2988 451 3036 Ubi
471 2996 570 3049 partera
591 3002 647 3037 esse
666 2988 803 3037 insiticiam
823 2986 987 3035 manifestum
1004 2992 1052 3035 est·
1086 2987 1128 3037 De
1147 2987 1248 3050 relique

143 3055 262 3116 ambigo,
275 3052 337 3115 quia
346 3052 371 3099 iu
382 3052 498 3101 Floreat.
511 3052 620 3113 legitur:
637 3052 703 3113 egit:
720 3059 763 3113 pe'r
773 3052 839 3100 Deos
848 3050 967 3107 sederam
976 3049 1078 3099 arbitros
1088 3065 1116 3099 ss
1126 3056 1198 3101 testes
1206 3052 1247 3099 ob·

142 3122 248 3170 sauss,
257 3130 288 3165 sss
301 3115 432 3165 nomm
450 3130 501 3164 cara
513 3115 645 3177 &natira
654 3116 800 3164 mauras
809 3116 908 3163 istim·
923 3114 1048 3173 maists,
1061 3115 1204 3176 preditissr
1212 3128 1247 3177 se,

144 3194 178 3230 ar
188 3180 347 3239 Hamilcaris,
358 3182 398 3241 isc.
437 3179 489 3227 Vix
500 3186 550 3241 est,
561 3187 589 3228 nt
602 3181 649 3229 troc
660 3194 710 3230 nou
723 3177 758 3227 sit
770 3176 856 3227 Livii?
870 3180 898 3227 J.
911 3177 942 3227 F.
955 3177 1124 3227 Germ—lt
1140 3179 1247 3241 ‘Volgo

146 3245 232 3307 minor
243 3244 380 3293 distinctio
392 3242 498 3305 ponitur
510 3250 568 3306 post
577 3242 647 3304 abrit,
658 3250 685 3292 et
697 3242 779 3291 Drak.
791 3241 897 3303 rubptet
907 3242 939 3300 st,
950 3242 1033 3290 Dosr.
1043 3249 1129 3291 ratem
1145 3246 1182 3300 st,
1198 3240 1247 3291 boc

145 3324 223 3357 seusu
234 3322 242 3355 ι
258 3315 288 3356 nt
307 3307 354 3355 toti
374 3308 470 3369 populo
487 3314 618 3367 parcatur,
629 3321 661 3356 ue
679 3321 756 3369 poeua
767 3307 846 3355 illatae
857 3306 980 3354 Romanis
993 3306 1095 3368 lajariae
1106 3320 1122 3354 s
1133 3312 1191 3354 tota
1201 3318 1248 3367 pa·

146 3375 209 3437 pulo
227 3372 359 3435 exigatur,
379 3384 456 3419 auam
477 3370 647 3439 Hannibalem
666 3373 793 3435 deposcant
813 3370 844 3419 sd
863 3376 966 3433 pinnum
986 3369 1019 3417 sb
1037 3383 1069 3418 eo
1088 3366 1246 3419 sumendam.

147 3437 221 3485 lilrle
232 3436 295 3483 Ero.
315 3448 366 3483 noa
386 3441 531 3495 accusetur,
548 3436 619 3483 nnita
637 3434 692 3497 ejas
705 3433 866 3483 incutiebat.
900 3436 978 3483 Forte
994 3433 1045 3495 isg.
1061 3448 1100 3482 rss
1116 3433 1248 3492 snsoedm'

146 3504 267 3563 reprimi,
285 3512 313 3547 rr
323 3498 380 3558 jars
394 3503 502 3561 parant,
519 3499 574 3563 (rel
589 3502 711 3561 postulunt
725 3500 767 3547 rel
783 3498 931 3560 meant)
945 3504 973 3546 at
986 3496 1080 3561 prbiieu
1090 3496 1162 3555 srnss
1178 3496 1250 3546 um.

149 3564 216 3613 Hac
230 3562 271 3612 rel
283 3562 376 3611 similia
387 3562 524 3623 excidisse,
536 3562 669 3625 probabile
685 3560 713 3610 fir
728 3577 762 3610 ex
773 3562 838 3610 blas.
848 3564 893 3625 qui
904 3563 1001 3611 babent
1011 3567 1121 3648 repeteret
1130 3561 1171 3611 rei
1181 3574 1248 3623 repe·

145 3634 241 3693 tuter,
252 3630 281 3677 de
292 3630 468 3689 sequerentur,
480 3628 520 3677 rel
531 3632 645 3689 reparetur
656 3628 698 3675 rel
708 3630 856 3689 repetantur,
868 3626 997 3688 publicos.
1008 3643 1031 3676 s.
1053 3626 1163 3690 liupert.
1186 3623 1248 3673 Vidi

646 3784 756 3837 Nom

149 3884 203 3935 sire
222 3892 359 3935 senatores
371 3880 426 3933 sire
437 3881 544 3947 plebeii,
559 3880 583 3931 si
594 3896 679 3933 assen-
720 3881 820 3931 scilieet
840 3879 931 3943 legati,
949 3884 980 3927 ut
989 3873 1052 3928 nibil
1063 3876 1170 3928 consilio
1182 3875 1248 3940 pub·

148 3962 269 4022 tirentar,
287 3960 378 4026 (erant
400 3959 468 4019 enirn
485 3958 603 4025 plerique
625 3958 680 4009 fac·
720 3959 772 4009 lico
784 3956 964 4006 firtadrarsus
976 3953 1069 4003 ioedas·

150 4038 210 4089 tioui
228 4040 356 4088 liarciuae
366 4034 489 4098 addicti)
505 4036 553 4085 sed
572 4042 679 4101 propter
753 4034 878 4093 ‘Egara
893 4028 997 4092 mutus]
1012 4029 1127 4093 diaetas,
1141 4029 1183 4078 vel
1200 4043 1246 4093 po·

146 4116 227 4181 ipsius
239 4112 436 4165 anctoritatem.
719 4110 772 4159 tias
784 4110 899 4171 AEgudes,
908 4114 960 4156 tres
971 4113 1032 4156 runt
1047 4107 1139 4157 insola
1157 4113 1248 4157 rontrs

171 4192 307 4243 'Patitor
323 4188 399 4249 frans
425 4186 500 4252 abrit]
529 4188 680 4253 Depereant
719 4184 870 4249 biiybanm,
886 4183 1246 4249 Sieiiiapromontoriaur,ac
