2917 4767
486 341 559 387 ura.
582 338 697 387 xxiv.
719 340 803 387 ore.
824 323 878 388 16.
1143 326 1230 394 2013

91 482 325 560 Poenerum,
341 480 463 546 deinde
477 483 574 565 signa
586 483 792 565 perturbata,
805 488 976 567 postremo
992 488 1062 547 tota
1082 484 1230 567 impulsa

91 587 241 665 acies3
264 584 340 649 inde
359 584 450 647 haud
477 583 578 647 dubie
603 590 694 665 terga
716 582 810 659 data,
834 590 992 667 ruuntque
1015 582 1173 666 fugientes
1196 586 1230 649 in

95 695 256 765 castra,
271 688 356 751 adeo
371 686 487 771 pavidi
508 687 708 771 trepidique,
725 692 760 751 ut
774 706 816 751 ne
839 688 873 749 iu
895 688 1001 770 portis
1017 686 1151 768 quidem
1170 694 1229 750 aut

95 790 221 855 vallo
236 790 413 874 quisquam
433 789 599 865 restiterit,
611 809 652 852 ac
666 808 772 873 prope
795 788 981 854 continenti
1003 790 1132 870 agmine
1156 788 1228 851 Re·

97 895 220 958 mani
234 894 390 969 insecuti,
405 912 530 956 novum
550 891 593 955 de
608 893 735 973 integro
752 893 916 977 praelium,
932 890 1056 956 inclusi
1076 889 1226 957 hostium

97 996 231 1070 vallo,
246 994 424 1059 ediderint.
460 993 529 1070 Ibi,
544 994 634 1057 sicut
648 1012 761 1075 pugna
774 993 984 1075 impeditior³
1000 995 1033 1057 in
1049 994 1226 1073 angustiis,

87 1096 172 1161 «ita
199 1096 313 1161 caedes
337 1095 484 1160 atrocior
509 1094 589 1158 tuit:
621 1102 655 1157 et
680 1094 839 1177 adjuvere
863 1094 1002 1178 captivi,
1028 1094 1098 1178 qni,
1126 1102 1226 1175 rapto

102 1199 212 1263 iuter
238 1199 419 1262 tumultum
444 1197 544 1276 ferro,
570 1195 761 1276 conglobati
789 1204 825 1261 et
847 1196 891 1261 ab
915 1204 1010 1278 tergo
1037 1195 1228 1261 ceciderunt

106 1300 268 1376 Poeuos,
283 1308 320 1363 et
339 1299 454 1380 sugam
477 1297 711 1381 impedierunt.
757 1298 881 1383 ltaque
902 1299 1012 1363 minus
1037 1298 1105 1362 duo
1121 1297 1227 1363 millia

105 1400 293 1465 hominmn
308 1420 353 1463 ex
369 1407 463 1465 tanto
480 1400 742 1473 exercituales
753 1399 860 1483 major
872 1419 950 1483 pars
961 1400 1139 1483 equitum,4
1150 1418 1227 1465 cum

105 1504 204 1585 ipso
216 1504 303 1568 duce
317 1502 519 1586 effugerunt:
542 1501 600 1566 alii
622 1520 737 1565 omues
752 1504 834 1567 caesi
848 1512 908 1565 aut
922 1503 1024 1585 capti.
1070 1500 1179 1583 Capta
1193 1511 1227 1566 et

108 1608 221 1689 sigua
234 1606 577 1690 duodequadraginta.
622 1605 678 1669 Ex
699 1606 884 1669 victoribus
906 1606 975 1670 duo
1000 1606 1104 1670 millia
1122 1605 1225 1669 ferme

107 1708 283 1774 cecidere.
322 1709 449 1773 Praeda
465 1708 573 1772 omnis
594 1710 834 1792 (preterquam
849 1706 1018 1771 homiuum
1035 1703 1226 1790 captorum)

110 1811 221 1875 militi
234 1830 400 1875 concessa
415 1817 488 1876 est:
510 1817 546 1875 et
557 1830 660 1894 pecus
673 1816 853 1892 exceptum
867 1814 945 1887 est,¹
957 1809 1047 1895 quod
1057 1809 1141 1873 iutra
1151 1808 1224 1873 dies

110 1911 262 1994 triginta
275 1913 407 1977 domini
421 1913 670 1993 cognovissent.
704 1911 790 1977 Cum
806 1912 922 1995 praeda
937 1914 1049 1975 onusti
1064 1912 1098 1975 iu
1114 1919 1225 1975 castra

110 2013 298 2093 redissent,
314 2023 462 2098 quatuor
475 2014 585 2079 millia
599 2015 701 2078 ferme
715 2014 873 2079 volonum
890 2014 1042 2091 militum,
1064 2014 1122 2097 qui
1139 2032 1222 2095 pug-

110 2123 281 2181 naverant
305 2115 453 2199 segnius,
474 2134 536 2180 uec
563 2117 598 2179 in
628 2124 744 2181 castra
771 2116 958 2199 irruperant
989 2114 1101 2191 simul,
1133 2121 1223 2179 metu

112 2236 233 2301 poenae
248 2215 368 2281 collem
383 2214 475 2281 haud
498 2217 617 2300 procul
639 2217 761 2281 castris
781 2223 952 2299 ceperunt.
997 2216 1143 2281 Postero
1168 2216 1223 2279 die

116 2338 188 2401 per
202 2319 377 2383 tribunos5
392 2318 534 2383 militum
550 2320 627 2383 iude
644 2318 792 2398 deducti,
807 2320 969 2385 concione
985 2316 1152 2384 militum⁶
1166 2317 1224 2382 ud·

114 2427 279 2483 vocatae
301 2417 472 2495 Graccho,
487 2419 739 2501 superveniunt.
785 2419 855 2485 Ubi
873 2440 947 2485 cum
968 2420 1148 2504 proconsul
1164 2438 1223 2483 ve·

113 2529 212 2583 teres
232 2521 357 2586 milites
379 2522 535 2604 primum,
551 2528 651 2604 prout
670 2522 833 2605 euJusque
856 2522 964 2585 virtus
988 2527 1090 2604 atque
1117 2540 1222 2602 opera

114 2623 155 2686 iu
169 2642 212 2686 ea
226 2642 340 2705 pugna
362 2621 483 2699 suerat,
505 2622 707 2687 militaribus
723 2620 823 2687 donis
839 2622 1010 2698 donasset,
1023 2630 1111 2699 tunc,
1127 2622 1220 2703 quod

115 2724 164 2789 ad
184 2724 326 2788 uolones
348 2725 514 2801 attineret,
540 2722 699 2801 ‘omnes,'
723 2726 783 2801 ait,
807 2724 928 2792 ‘malle
947 2723 1102 2788 laudatos
1123 2743 1146 2789 a
1169 2744 1219 2802 se,

116 2826 241 2906 dignm
265 2824 500 2909 indiguosque,
523 2833 650 2909 quarn⁷
675 2843 865 2909 quenquam
888 2845 930 2889 eo
946 2825 1001 2890 die
1018 2827 1219 2907 castigatum

115 2945 206 2990 esse·
242 2924 346 3005 Quod
360 2927 497 3003 bonum,
512 2927 669 3003 faustum,
680 2927 834 3011 felixque
847 2929 893 2991 rei
904 2928 1053 3011 publicae
1064 2929 1218 3012 ipsisque
1287 2976 1289 2979 -

114 3035 218 3101 esset,
228 3048 344 3092 ornnes
355 3047 416 3091 eos
428 3028 551 3091 liberos
567 3046 642 3091 esse
650 3025 796 3111 jubere.'
819 3027 875 3093 Ad
891 3049 990 3111 quam
1007 3048 1125 3093 vocem
1140 3048 1216 3093 cum

117 3128 243 3194 clamor
259 3129 380 3213 ingenti
400 3130 575 3195 alacritate
594 3129 744 3194 sublatus
763 3138 865 3209 esset,
889 3150 930 3195 ec
944 3150 1033 3195 nuuc
1046 3130 1217 3217 complexi

608 3326 680 3345 ΝΟΜ
684 3326 758 3345 ‘om

149 3465 165 3509 l
186 3460 195 3486 ‘
207 3459 362 3523 conjunctio
372 3466 445 3525 utque
455 3476 471 3509 ι
483 3461 614 3525 plerisque
625 3462 691 3510 Mer.
703 3462 789 3521 abest,
807 3474 857 3525 qna
868 3459 965 3524 delete,
979 3460 1104 3510 Gronovii
1116 3460 1216 3523 conjec-

118 3532 177 3573 ture
188 3525 378 3587 recepi-porret
389 3542 396 3575 :
413 3541 461 3575 uox
471 3526 509 3574 ire
520 3526 610 3575 mr
619 3526 744 3576 macir!
759 3527 858 3576 Stroth.
891 3526 957 3575 Vid.¹
970 3526 1032 3575 Not.
1043 3526 1155 3575 Van-l
1175 3526 1216 3574 lr-

115 3590 247 3652 expeditior
268 3590 331 3639 dlrr.
350 3591 500 3652 optimi-t
518 3591 594 3653 Couj.
611 3591 639 3642 J.
658 3592 688 3641 F.
703 3592 819 3642 Gronov.
833 3591 979 3655 equilen-6
999 3590 1127 3639 uranum
1138 3591 1216 3641 Grnt.

116 3654 230 3703 Gronov.
252 3654 358 3717 Dou'et.
376 3656 543 3714 crocian-d
560 3657 568 3682 ‘
583 3657 717 3707 Posterior
728 3658 832 3707 militm
843 3657 975 3705 obtrudere
987 3655 1100 3715 ridetur,
1111 3670 1158 3705 nec
1170 3670 1214 3717 ag·

118 3727 226 3767 noscunt
237 3721 329 3782 scripti
342 3718 462 3783 quidam'
477 3721 505 3768 J.
515 3720 547 3769 F.
560 3720 667 3771 Grom.
700 3722 783 3772 Abest
795 3736 809 3771 ι
819 3722 982 3771 Credon—'t
994 3720 1119 3770 Cantabr.
1130 3722 1216 3781 dignor

576 3884 580 3887 ’
614 3884 722 3934 NOTAE

146 3984 156 4009 ⁸
171 3976 205 4023 Et
218 3990 288 4038 pem
301 3982 425 4039 excepm
436 3976 485 4040 ert]
502 3978 542 4027 Ex
554 3980 646 4041 preda
684 3980 789 4044 quidem
807 3977 901 4031 omnia,
916 3974 961 4025 sed
980 3990 1049 4039 quae,
1064 3990 1121 4024 enm
1137 3982 1213 4038 raptu

117 4066 170 4118 qua
194 4054 220 4101 in
238 4053 357 4103 exercitu
378 4053 517 4103 Poeuorum
538 4064 645 4119 reperta
684 4062 772 4104 emant
787 4067 820 4103 ex
837 4052 926 4101 ricinis
941 4052 1018 4113 agria,
1029 4064 1213 4115 cognoscerem

117 4128 237 4178 militibus
258 4129 460 4186 concedebatur,
480 4132 566 4197 excipi
588 4133 643 4197 pla·
684 4137 726 4180 tur
738 4147 753 4181 ι
764 4128 871 4180 dominia
881 4129 950 4178 intra
961 4142 1084 4178 mensem.

118 4204 238 4255 cultrum
255 4204 384 4270 captivor,
401 4213 455 4255 tum
467 4220 572 4271 pecore,
590 4222 642 4258 nnn
