2917 4767
245 402 331 469 lutt
729 410 764 457 r.
789 409 882 458 niun

409 570 443 613 ne
454 553 484 614 iu
494 570 580 613 omen
590 560 702 611 tractus
711 552 764 610 ille
774 572 859 611 casus
868 552 1000 610 animum
1008 550 1069 610 mis
1076 550 1233 620 minueret,
1247 569 1363 629 equum

246 658 312 707 Plut.
405 647 629 726 circumagendo
643 646 744 706 Solem
757 646 1070 725 adoravit‚'·tanquam
1081 666 1119 705 ea
1131 646 1170 705 de
1182 665 1277 705 cassa
1288 666 1366 705 con·

406 746 555 811 vertissem
572 762 616 801 ex
635 742 726 802 veteri
741 761 831 810 more,
845 762 905 820 quo
920 740 1003 800 Deos
1014 741 1162 800 adoraturi
1181 762 1213 799 se
1228 742 1366 800 circum-

404 840 541 917 agebant.
598 838 710 897 Ferunt
732 856 799 895 eum
825 846 894 895 ante
921 838 1049 916 primum
1075 856 1260 913 congressum
1287 836 1365 914 pul·

403 934 547 994 cherrima
567 932 716 993 hostilium
737 950 881 995 armorum
894 930 966 991 lori
983 930 1114 991 Feretrio
1127 932 1261 991 vovisse:
1283 950 1364 989 mox

402 1038 558 1111 conspecto
570 1029 751 1097 Britomaro‚
765 1028 817 1107 qui
830 1046 947 1086 suorum
955 1046 1061 1105 agmen
1074 1026 1263 1107 precedebat
1272 1045 1364 1087 arnna

403 1124 497 1184 lenens
508 1144 578 1184 auro
591 1132 771 1203 argentoque
783 1131 815 1182 et
825 1122 975 1182 coloribus
986 1124 1096 1182 eximie
1109 1130 1277 1202 perornata,
1289 1123 1363 1181 baec

397 1218 579 1298 judicavime
601 1239 682 1279 arma
704 1224 766 1277 eme
788 1217 906 1289 debere,
930 1238 998 1296 quae
1017 1219 1154 1278 vovisset.
1195 1217 1267 1277 lam
1290 1219 1360 1297 ipe

402 1314 520 1395 quoque
538 1336 603 1386 rex,
616 1314 684 1374 viso'
694 1313 897 1375 Romanorum
911 1313 1000 1383 duce,
1015 1322 1171 1392 provectus
1183 1314 1272 1391 longe
1284 1324 1361 1372 ante

401 1410 480 1480 suos,
502 1410 575 1471 v'oce
588 1418 619 1470 et
631 1418 713 1487 gestu
732 1429 799 1468 eum
813 1408 852 1468 ad
865 1428 994 1489 pugnam
1006 1409 1197 1489 provocabat.
1238 1408 1359 1487 Neque

401 1506 556 1565 cunctatus
570 1506 616 1564 M.
629 1504 803 1574 Marcellus,
816 1504 946 1585 perfosso
954 1505 1030 1581 regis
1038 1504 1170 1573 thorace,
1183 1502 1360 1563 vulneravit

319 1616 374 1650 ·¹·
401 1620 469 1660 eum
484 1602 580 1673 hasta,
602 1610 634 1662 et
650 1603 720 1682 equi
740 1600 840 1660 adacti
855 1601 966 1679 impetu
988 1600 1137 1678 dejectum
1155 1598 1237 1658 humi
1259 1599 1355 1657 semel

271 1699 322 1778 l(
400 1698 564 1777 iterumque
590 1698 719 1777 repetitis
744 1697 853 1755 ictibus
878 1694 998 1755 occidit.
1046 1693 1124 1753 Tim
1150 1692 1291 1753 desiliens
1313 1714 1355 1753 ex

400 1813 488 1872 equo,
507 1794 700 1873 manibusque
719 1812 801 1851 arma
816 1799 935 1861 teneus,'
949 1790 1082 1869 suspexit
1092 1790 1124 1848 in
1136 1788 1257 1857 coelurm
1271 1798 1281 1824 ⁴
1297 1790 1355 1848 Ju-

400 1889 497 1968 piter‚'
517 1890 663 1969 inquiens,
684 1898 692 1925 ‘
707 1888 832 1955 Feretri,
848 1886 901 1964 qui
922 1884 1040 1944 tortium
1059 1884 1179 1941 ducum·
1191 1885 1223 1942 in
1241 1885 1356 1962 pmliis

399 1983 480 2043 lacta
491 1986 634 2063 praeclara
648 1984 765 2063 aspicis,
779 2001 816 2040 en
830 2001 885 2054 eqo
895 1988 925 2039 te
937 1987 1012 2037 teste
1024 1979 1127 2037 tertius
1134 1976 1354 2049 Romanorum,

398 2096 475 2135 caeso
487 2078 614 2135 bostium
627 2078 802 2156 imperatore
813 2077 982 2154 imperator,
995 2075 1096 2153 opima
1104 2073 1159 2132 tibi
1170 2072 1269 2152 spolia
1279 2092 1354 2133 con·

397 2190 489 2230 seoro.
519 2170 565 2229 Tu
579 2191 650 2231 uero
665 2170 703 2230 ad
716 2169 833 2249 reliqua
844 2170 934 2229 etiam
946 2168 1020 2229 belli
1030 2188 1076 2229 res
1088 2177 1202 2229 nostras
1210 2188 1354 2249 prospera

398 2264 517 2324 fortuna
526 2284 645 2343 pergere
658 2266 746 2323 sinito
757 2265 777 2322 l'
998 2272 1004 2277 '

438 2365 487 2417 64.
511 2356 677 2439 Repetente
691 2368 758 2439 post
779 2360 844 2419 baec
863 2380 972 2440 equum
985 2359 1034 2420 Μ.
1048 2358 1206 2427 Marcello,
1220 2360 1293 2419 totis
1304 2363 1352 2420 vi·

396 2452 477 2511 ribus
493 2452 611 2531 confligi
632 2464 770 2533 coeptum,
792 2455 948 2515 fortissime
972 2455 1169 2534 pugnantibus
1189 2454 1352 2528 Romam,

396 2566 470 2625 quos
482 2548 609 2607 consulis
627 2548 754 2607 audacia
772 2557 804 2607 et
820 2548 939 2608 fortuna
959 2570 1018 2609 non
1038 2550 1135 2609 minus
1156 2548 1261 2608 ardore
1273 2571 1351 2629 pug-

396 2640 496 2710 nandi,
520 2660 610 2719 quam
624 2658 675 2717 spe
688 2644 820 2698 victortae
833 2645 1020 2719 impleverat.
1064 2643 1172 2722 ltaque
1185 2663 1244 2703 non
1257 2665 1352 2724 eques

396 2734 515 2804 Gallus,
528 2734 698 2813 conpedes,
712 2754 882 2814 quanquam
894 2744 926 2793 et
937 2735 990 2794 ille
1000 2738 1060 2795 suis
1068 2737 1200 2797 subsidio
1211 2750 1349 2811 venerat,

250 2838 304 2889 vat.
315 2838 381 2891 Max.
394 2831 534 2889 sustinere
547 2830 608 2890 vim
621 2838 735 2888 tantam
753 2830 868 2909 potuit:
890 2848 1014 2910 raroque
1026 2832 1165 2911 exemplo
1176 2834 1348 2911 paucissimi

230 2908 349 3017 ἐκώ·
394 2924 432 2984 de
447 2926 607 2985 'numeroso
633 2926 764 2985 exercitu
788 2925 1014 3004 pulcherrimam
1034 2926 1186 2985 victoriam
1209 2928 1347 2989 rettulere.

395 3019 496 3079 Lectis
517 3019 624 3080 deiude
647 3020 750 3100 spoliis
768 3019 812 3078 'ad
834 3019 981 3097 collegam
1004 3021 1126 3081 revertit
1150 3022 1265 3091 consul,
1295 3025 1348 3103 qui

246 3127 332 3193 Polyb.
350 3146 382 3181 u.
394 3113 516 3175 Acerris
537 3116 700 3195 occupatis,
720 3115 772 3175 ubi
791 3134 927 3192 magnam
950 3134 1076 3174 annonae
1094 3116 1211 3196 copiam
1224 3121 1346 3196 reperit·¹

232 3196 274 3304 ᾖ·
392 3210 471 3270 circa
494 3209 698 3269 Mediolanum
719 3217 811 3289 caput
835 3208 1002 3269 Insubrium
1023 3209 1182 3270 Gallorum
1203 3212 1346 3273 adversm

248 3264 317 3369 ollis.
327 3335 364 3368 xv.
391 3304 487 3363 hostes
501 3306 576 3382 segre
589 3325 620 3363 se
633 3304 801 3363 tutabatur:
824 3322 891 3362 nam
906 3304 952 3363 illi
965 3302 1154 3365 validissima
1166 3304 1344 3385 frequentis—

234 3386 272 3431 ¹⁸·
391 3399 529 3477 simseque
550 3399 632 3457 urbis
649 3399 802 3459 obsidione
820 3398 1003 3479 implicatum
1023 3400 1151 3461 vicissim
1164 3403 1250 3479 quasi
1263 3405 1344 3463 obsi·

228 3494 295 3543 Plut.
392 3490 512 3551 debant.
556 3490 615 3551 Sed
630 3490 761 3551 adventu
780 3491 826 3552 Μ.
847 3492 987 3552 Marcelli
1007 3496 1068 3553 cito
1089 3506 1287 3555 commutatus
1298 3508 1345 3557 est

391 3604 485 3643 rerum
506 3594 615 3645 statim
637 3605 705 3644 nam
728 3596 759 3645 et
782 3586 911 3647 Gnate
931 3587 1038 3648 audito·
1056 3591 1134 3667 regis
1153 3588 1212 3649 line
1231 3591 1343 3651 disces·

244 3684 344 3751 Eutrop.
360 3688 378 3739 1.
390 3690 507 3740 serunt:
529 3688 560 3739 et
580 3680 618 3739 ab
632 3680 677 3739 hia
694 3680 791 3740 relicti
805 3681 1045 3743 Mediolanenses
1061 3682 1221 3743 defendere
1238 3688 1341 3747 urbem

390 3794 448 3835 non
462 3782 607 3855 potuere.'
628 3774 679 3834 Sic
692 3776 859 3854 ingentibus
871 3777 1029 3837 Insubrum
1049 3778 1143 3858 copiis
1161 3780 1255 3850 cass,
1268 3801 1341 3861 cap-

242 3766 272 3800 ιι.

228 3816 328 3930 ozrlllr'
343 3823 369 3864 a
390 3880 480 3952 taque
505 3869 691 3941 Mediolano,
718 3880 750 3931 et
775 3872 900 3932 subinde
929 3872 1036 3944 Gomo,
1066 3883 1173 3935 cetone
1199 3873 1342 3957 deinceps

422 4070 545 4131 ²Equura
565 4067 844 4132 circumagendam
879 4070 1339 4137 Frontinur‚qntalioprorrusmodo

389 4134 507 4196 odoravit]
533 4133 589 4184 Non
603 4145 674 4183 recte
687 4135 728 4182 tric
740 4135 766 4181 tn
778 4147 844 4181 mar·
881 4149 934 4185 rem
946 4146 1044 4187 narrat.
1063 4139 1133 4187 creo.

390 4197 450 4258 gine
469 4198 617 4259 appellatur
634 4212 650 4247 a
667 4198 846 4249 Freinshemlo
