2917 4767
394 398 496 447 nrnrr
521 396 591 445 xx.
614 394 941 449 surrnnnnurun.
1134 382 1220 453 1627

93 543 136 601 C.
151 541 302 621 Papirius
315 540 353 601 0.
369 541 405 601 F.
421 541 456 601 L.
471 540 515 602 N.
530 541 629 611 bisso,
642 560 711 601 euru
733 543 935 619 magistratum
957 543 1057 603 inivis-

93 647 184 707 sent:
205 640 379 718 provincias
401 638 446 697 Μ.
462 638 646 719 Pomponius
660 637 841 708 Sardiniam,
863 637 1059 718 &Papirius

96 735 258 795 Corsicam
271 735 437 794 obtinuere.
475 734 644 814 Utrobique
657 736 746 795 cessit
757 735 858 804 bostis,
872 743 903 794 ot
915 734 945 793 in
957 734 1058 814 syivas

94 840 276 909 montesque
298 830 406 889 arduos
423 828 579 907 refugiens,
594 830 725 889 iocorum
739 831 837 910 potius
853 849 944 909 quem
956 848 1055 889 srmo-

83 946 163 985 -rum
181 926 402 985 munitionibus
421 946 453 984 se
464 934 577 985 tutatus
594 934 647 985 est.
690 924 772 1003 Ergo
792 925 839 984 Μ.
858 924 1056 1006 Pomponius,

95 1040 166 1081 cunr
180 1022 363 1081 laboriosius
374 1040 436 1080 esse
449 1020 563 1081 videret
576 1022 706 1081 invenire
720 1022 873 1093 barbaros,
887 1041 978 1100 qnam
990 1022 1056 1081 rin·

94 1136 177 1187 cere,
190 1136 286 1177 canes
298 1136 420 1195 sagsoes
432 1136 471 1175 ex
484 1115 579 1177 Italis
590 1118 708 1177 sumsit
719 1116 919 1187 sdrebendos,
932 1136 1056 1197 quorum

94 1212 212 1273 indicio
234 1214 372 1271 homines
390 1232 470 1271 more
490 1211 619 1271 ferarum
639 1214 669 1271 in
686 1212 837 1272 cubilibus
851 1213 913 1272 suis
932 1212 1058 1271 intentes

95 1307 347 1388 deprehenderet.
398 1305 436 1365 C.
457 1306 600 1387 Papirius
623 1306 732 1367 Corsos
756 1309 871 1390 eampis
894 1307 995 1387 pulsos
1017 1307 1056 1366 ad

98 1414 243 1463 montane
258 1404 326 1463 locs
338 1402 456 1463 secut-us
468 1412 520 1462 est.
563 1401 614 1462 Ibi
631 1404 715 1463 isbor
727 1404 831 1481 ingens
841 1423 910 1466 eum
923 1403 1056 1483 periculo

96 1498 156 1558 fuit
167 1520 175 1557 :
198 1499 346 1579 multique
357 1498 484 1557 militum
495 1499 555 1569 siti,
566 1507 619 1560 sut
627 1499 724 1558 subito
735 1500 927 1559 barbarorum
937 1500 1055 1563 incursu

96 1596 233 1673 periere:
259 1594 355 1653 donee
375 1594 503 1653 inventis
516 1595 602 1675 equis
617 1594 786 1673 refectoque
802 1596 935 1655 exercitu
957 1593 1054 1663 Corsi,

96 1690 134 1749 de
155 1692 245 1750 exitu
268 1690 311 1749 rei
324 1689 471 1760 timentes,
484 1690 599 1751 consuli
615 1689 654 1749 sd
667 1689 847 1749 deditionem
859 1690 988 1749 bortsnti
1001 1706 1054 1767 per

95 1796 249 1846 ruerunt·

86 1898 91 1907 ·
136 1888 193 1941 21.
219 1880 305 1941 Dum
325 1881 371 1940 bis
390 1882 477 1941 rebus
500 1880 636 1960 gerendis
658 1883 822 1942 attinentur
842 1880 987 1948 eonsules,
1004 1899 1054 1939 oo-

96 1970 185 2039 mitia
208 1996 264 2056 per
285 1976 460 2037 dictatorern
481 1976 521 2035 sd
543 1978 599 2038 boo
619 1985 752 2039 creatum
773 1986 843 2035 srrnt
863 1976 975 2034 habits.
1017 1973 1054 2033 G.
1068 1995 1214 2059 forticius.

97 2072 226 2132 Duilim
243 2072 302 2131 init
316 2071 362 2131 Μ.
378 2072 414 2131 F.
430 2071 476 2131 M.
491 2071 536 2132 N.
552 2075 578 2133 is
595 2074 768 2150 megistum
779 2072 913 2151 equitum
924 2070 1004 2129 dixit
1017 2070 1054 2131 C.

96 2168 263 2227 Aurelium
276 2167 310 2225 1..
323 2166 358 2225 F.
371 2166 407 2227 C.
423 2166 468 2227 N.
479 2165 611 2229 Cottam.
641 2165 885 2227 Gensorssetiam
897 2176 961 2226 tum
973 2165 1055 2225 fuere

94 2261 133 2321 T.
155 2262 295 2322 Manlius
314 2260 351 2320 T.
373 2262 408 2320 F.
426 2262 463 2320 Τ.
485 2261 530 2322 Ν.
552 2262 731 2343 Torqustus,
752 2264 794 2328 Q.
813 2261 939 2323 Fulvius
956 2260 1003 2321 Μ.
1017 2261 1054 2320 Ρ.

96 2356 140 2423 Q.
156 2357 203 2417 Ν.
221 2357 366 2417 Fisoeus:
386 2358 439 2417 sed
456 2359 531 2418 vitio
548 2357 620 2419 iseti
639 2357 825 2419 abdicarunt.
867 2356 952 2417 Novi
966 2358 1056 2417 moris

95 2454 244 2530 originem
269 2453 339 2512 hnic
363 2472 440 2511 snno
459 2453 615 2531 scriptores
638 2454 798 2531 assignant,
821 2472 880 2513 non
902 2452 1053 2530 indignum

97 2568 168 2626 quae
178 2548 332 2606 reseratur.
367 2545 539 2606 Divortium
552 2547 591 2605 sb
604 2548 677 2607 urbe
690 2547 812 2607 condita
820 2548 933 2607 nullam
948 2547 1053 2606 suerat.
1076 2562 1218 2616 PlueNun.

98 2642 225 2703 Primus
243 2642 297 2722 Sp.
313 2641 464 2701 Carvilius
475 2639 569 2718 Ruga
585 2642 714 2699 sterilem
729 2660 852 2700 uxorem
870 2641 993 2710 dimisit,
1001 2643 1053 2718 ju·
1066 2633 1200 2746 ⁰kf⁸p3⁰¹L

97 2736 260 2815 rejurando
281 2757 301 2796 a
317 2737 486 2797 censoribus
495 2736 663 2805 obstrietus,
678 2746 729 2795 ‘se
743 2734 902 2795 liberorum
919 2756 1138 2814 quamn-125,

96 2832 206 2893 dorum
226 2852 318 2893 causa
337 2833 493 2909 conjugem
514 2831 703 2891 habiturum?
757 2829 922 2909 Dispiieuit
943 2830 1055 2910 populo
1082 2842 1218 2893 vmbris.

99 2950 155 2989 non
170 2931 268 3007 magis
281 2928 407 2997 novitus,
418 2946 507 3007 quam
520 2929 660 2989 atrocitas
672 2927 725 2995 rei,
736 2925 817 3005 quod
830 2925 869 2985 sd
881 2935 1055 3006 perpetuam
1067 2922 1098 2956 ¹¹·
1111 2913 1134 2957 ¹·
1145 2912 1171 2956 ⁴·

98 3028 169 3085 sitae
190 3026 364 3085 societatem
380 3026 502 3103 junctas
522 3042 630 3085 uxores
642 3041 830 3103 quocumque
849 3021 888 3080 da
900 3042 990 3081 carus
1007 3042 1052 3081 re·

98 3120 219 3199 pudisri
242 3138 353 3179 savum
376 3127 406 3177 et
428 3119 561 3197 iniquum
584 3118 729 3197 putebat:
756 3124 788 3174 et
810 3115 863 3195 Sp.
886 3115 1052 3175 Osrvilium

99 3236 215 3297 semper
236 3214 376 3295 deinceps
397 3213 466 3273 odio
485 3214 599 3286 hsbuit‚
620 3230 792 3293 quenquam
808 3212 981 3272 necessitate
1001 3230 1051 3271 co-
1081 3231 1217 3298 mmm,

99 3322 197 3383 saum,
217 3310 256 3370 de
280 3311 441 3371 amicorum
459 3311 615 3381 sententis,
633 3327 757 3369 uxorem
776 3310 852 3368 bene
874 3298 1106 3407 convenies-²2·
1130 3360 1187 3410 Gn

99 3416 172 3477 tem,
200 3425 373 3485 morumque
399 3406 494 3483 gratis
519 3406 699 3465 eadmimsrn
724 3403 884 3463 dimiserat
939 3402 988 3461 Ex
1016 3376 1197 3479 eom'ffl‘j

100 3512 234 3582 tempore
247 3503 316 3581 pius
332 3502 440 3579 injure
452 3520 593 3572 nexuum,
606 3501 674 3581 plus
686 3498 767 3581 spud
780 3510 935 3579 praetorem
954 3500 1051 3559 litium
1080 3489 1114 3538 Α·
1132 3488 1199 3539 ⁰⁰¹·

100 3596 170 3669 suit,
192 3606 256 3655 tum
278 3596 405 3677 primum
425 3596 611 3655 cautionibus
634 3597 676 3655 rei
697 3596 810 3655 uxoria
827 3596 960 3675 repertis,
978 3616 1051 3675 qus-
1065 3557 1138 3604 Μ’

101 3712 178 3763 run,
197 3691 288 3751 nullis
309 3701 397 3751 entes
418 3690 563 3763 divortiis,
581 3710 800 3771 supervacanee
817 3689 914 3753 fueret
933 3690 1051 3751 callidi·

102 3794 157 3845 tus.

141 3888 191 3941 22.
215 3880 332 3941 Eodem
345 3899 424 3941 anno
436 3881 496 3941 slis
509 3898 626 3961 quoque
636 3899 714 3941 nove
725 3880 906 3942 consuetudo
919 3882 949 3940 in
959 3881 1051 3940 hono-
1066 3891 1215 3960 Principis.

102 3979 182 4039 ribus
202 3984 412 4061 imperatorum
429 3978 527 4058 ooepit.
570 3976 634 4037 Sub
653 3976 743 4039 finem
760 3978 930 4039 consulatus
949 3980 994 4037 sui
1013 3977 1050 4036 C.

104 4072 246 4161 Papirius
259 4074 298 4135 de
312 4071 413 4149 Corsis
429 4074 460 4133 in
473 4080 572 4131 monte
586 4072 710 4133 Albsno
723 4074 937 4153 tiriumpbavit‚
951 4072 993 4133 A.
1009 4072 1050 4134 D.

460 4234 470 4259 ³
486 4223 520 4278 Α.
532 4224 563 4275 U·
574 4227 602 4276 C.
615 4229 673 4277 sul.
690 4224 722 4277 Α.
734 4224 764 4277 C.
776 4228 835 4275 2³1.
