2917 4767
156 400 158 402 -
257 356 342 422 1412
589 378 593 385 ·
736 372 771 419 r.
796 372 887 419 nrvu

257 529 374 578 Auecde
416 512 857 592 summoetreligloneperludit.
880 511 1140 572 Sacerdotesenim
1148 512 1360 582 venerabundi,
1441 498 1445 506 ¹

256 595 301 641 vir.
319 594 530 685 i¹¹⁸²⁵¹¹·‘ipsum
556 608 585 666 in
608 608 663 667 hoc
685 626 780 684 ungue
802 612 908 666 numeri
928 627 1002 676 esse,
1023 617 1055 666 et
1074 626 1283 685 nonnunqum
1307 609 1361 666 bec

257 662 332 768 bird,
351 700 511 766 volorme
534 701 820 780 conspici„snlutnri
852 720 965 781 semper
997 702 1135 771 ostento,'
1157 702 1361 760 clamitabunt,

254 782 325 831 Mu.
362 845 367 857 .
420 794 519 853 Biduo
530 804 702 874 conspectus
717 796 747 854 in
761 796 872 874 templo
883 815 1012 874 serpens,
1024 794 1131 855 deinde
1143 797 1248 855 iterum
1261 816 1362 856 recon-

257 846 327 962 ffisst'
335 844 407 959 iffi:
418 888 496 948 ditus
513 899 573 948 est:
595 892 681 949 tertio
694 890 743 949 die
755 910 805 970 per
822 889 932 948 medios
943 892 1135 969 spectantium
1147 893 1363 949 venernntiurn-

257 977 404 1083 &alhm-
420 1002 476 1061 que
498 993 588 1043 coetus
607 994 688 1044 recte
705 986 834 1064 perrexit
846 984 884 1042 nd
898 994 1011 1062 portum
1024 986 1076 1043 ubi
1089 984 1229 1043 &menn
1240 986 1365 1044 triremis

304 1068 311 1083 ⁸
419 1078 533 1145 stabnt,
564 1098 654 1156 quern
675 1080 828 1156 ingressus,
847 1080 876 1137 in
897 1078 1095 1155 tabernaculo
1107 1078 1149 1143 Q.
1163 1080 1300 1156 Ogulnii,
1313 1080 1364 1156 qui

258 1176 311 1224 liv·
324 1158 398 1239 Eplt
420 1172 553 1251 princeps
570 1172 724 1249 legationis
744 1182 818 1243 erut,
831 1171 988 1252 multiplici
1003 1174 1145 1251 spirarum
1157 1173 1227 1231 orbe
1238 1192 1271 1231 se
1283 1192 1364 1232 conr-

257 1255 348 1351 libetur
365 1256 397 1350 de·
419 1268 523 1342 posuit.
566 1266 728 1326 Ferebatur
750 1268 911 1344 antiquitus
926 1266 1040 1337 lebuln,
1058 1266 1182 1325 eundem
1197 1266 1283 1325 illum
1296 1266 1364 1325 Ευ-

259 1366 397 1415 sisinum.
418 1359 578 1438 culspium,
591 1360 685 1419 forme
707 1362 848 1440 serpentis
868 1361 1012 1431 indutum,
1034 1360 1194 1439 eliqunndo
1211 1361 1365 1439 Epidnuro

259 1430 362 1477 hm·
420 1450 579 1531 Sicyonem
602 1455 746 1513 mularum
764 1456 846 1532 jugis
868 1454 1056 1535 deportetum
1083 1456 1182 1524 fuisse,
1209 1453 1366 1533 Nicngorn

359 1542 362 1549 “
419 1545 558 1622 quedem,
574 1547 721 1607 Echetimi
734 1568 837 1618 uxore,
851 1548 1025 1609 deducente.

419 1681 421 1686 -
458 1647 508 1699 14.
538 1641 612 1711 Leti
632 1662 701 1721 ergo
722 1643 854 1722 prodigio
875 1642 1016 1713 Romani,
1030 1652 1170 1721 tnnqusm
1192 1650 1365 1722 presentem

396 1787 400 1799 ,
423 1735 521 1794 Deum
533 1738 682 1808 veherent,
691 1738 882 1808 celedensis,
894 1740 1052 1818 paucisque
1064 1737 1168 1797 diebus
1180 1738 1366 1815 interjectum

259 1836 400 1948 ‚Affiffi
421 1850 499 1888 mere
514 1834 655 1909 pe'rmensi
668 1834 860 1912 prosperrimo
871 1852 956 1892 cursu
969 1833 1097 1891 Antium
1108 1839 1271 1891 tenuerunt.
1314 1831 1365 1889 lbi

260 1962 332 2013 ovid.
418 1943 485 1983 cum
499 1925 695 1986 inhorrescens
707 1946 786 1987 mure
798 1926 1012 2004 nurigntionem
1028 1925 1192 2005 impediret,
1209 1944 1366 2004 prorepens

419 2037 459 2077 ex
472 2019 589 2097 navigio
605 2042 733 2101 serpens,
750 2023 802 2101 qui
818 2029 912 2080 totum
924 2040 977 2099 per
988 2021 1043 2079 iter
1054 2020 1170 2097 quietus
1183 2020 1224 2077 ibi
1235 2039 1267 2078 se
1279 2028 1365 2079 tenu-

420 2122 494 2182 ernt,
508 2114 537 2171 in
550 2116 725 2175 vestibulum
737 2115 811 2185 leni,
828 2115 907 2194 quod
922 2133 959 2173 en
974 2114 1045 2173 urbe
1056 2114 1277 2173 celeberrimum
1290 2122 1364 2183 eret,

263 2207 318 2260 val.
330 2210 402 2259 Mox.
422 2204 570 2277 ellnbitnr,
583 2208 751 2287 eoqueloco
763 2220 821 2268 tres
832 2209 985 2268 continuos
990 2208 1054 2267 ‹lies
1065 2210 1168 2286 exigit,
1178 2228 1285 2285 magno
1297 2226 1367 2267 cum

421 2308 501 2357 metu
522 2301 681 2379 legstorunr
698 2324 735 2361 ne
752 2303 841 2362 nrelli
856 2302 924 2361 inde
945 2322 1003 2362 non
1024 2313 1131 2382 posset,
1152 2302 1232 2381 quod
1251 2312 1315 2361 toto
1330 2322 1368 2361 eo

362 2388 364 2393 ’
421 2401 549 2473 tempore
563 2396 601 2455 ed
613 2407 767 2457 consuetos
776 2398 860 2456 cibos
874 2417 931 2456 non
948 2406 1106 2456 reverteret
1113 2418 1122 2465 ;
1143 2398 1236 2456 ‹lonec
1247 2396 1368 2474 navigio

262 2489 334 2539 Ovid·
420 2486 564 2548 redditum
580 2511 688 2569 magns
701 2512 769 2550 cunr
786 2491 938 2551 nlncritste
951 2490 1082 2549 Romnm
1093 2490 1269 2550 detulerunt.
1312 2490 1367 2549 Ad

420 2585 619 2658 spectaculum
639 2586 819 2645 incredibilis
832 2586 873 2644 rei
886 2594 950 2644 tote
962 2585 1056 2643 effuse
1067 2585 1197 2653 civitate,
1215 2587 1324 2664 mun
1336 2587 1366 2645 in

420 2682 485 2760 ripe
497 2678 624 2739 fluminis
631 2700 690 2757 qno
700 2681 915 2739 subvebebetur
925 2678 1027 2758 positor
1036 2700 1094 2739 erte
1106 2689 1185 2749 sunt,
1193 2681 1368 2759 accensique

292 2798 295 2807 ¹
421 2775 534 2844 odores,
556 2783 587 2833 et
607 2775 734 2832 victime
747 2793 841 2833 ceste.
872 2773 943 2832 Jnm
956 2774 994 2832 nd
1007 2793 1074 2832 eum
1086 2774 1181 2833 locum
1194 2784 1368 2853 perventum

423 2879 495 2937 erut,
513 2870 562 2928 ubi
575 2870 684 2953 divisus
698 2869 814 2928 modico
830 2868 983 2928 intervallo
995 2867 1109 2927 Tiberis
1121 2868 1245 2928 insulem
1257 2866 1366 2937 efficit:

422 2984 488 3023 cum
510 2964 612 3022 relicte
633 2984 708 3023 nere
728 2961 846 3043 serpens
861 2982 926 3023 enm
947 2962 1083 3032 insulem,
1099 2984 1166 3041 quie
1181 2973 1248 3042 post
1263 2964 1368 3022 Esou-

422 3058 492 3139 lnpii
514 3066 621 3119 voontu
641 3068 696 3128 est,
719 3067 822 3118 nntetu
841 3067 953 3137 petens,
973 3058 1052 3115 cerni
1074 3056 1194 3116 ulterius
1214 3059 1254 3116 sb
1274 3058 1369 3117 bomi-

421 3155 507 3213 nibus
522 3154 617 3213 desiit.
661 3154 769 3213 Patres
784 3153 930 3212 delectum
944 3173 963 3211 n
977 3152 1044 3211 Deo
1059 3151 1155 3210 locum
1176 3152 1368 3229 interpretati,

260 3248 315 3298 Lis.
330 3250 395 3313 Eplt.
423 3248 624 3316 decreverunt,
639 3256 688 3305 ‘ut
698 3246 803 3305 endem
814 3248 845 3305 in
857 3247 927 3305 sede
939 3247 1080 3324 templum
1093 3247 1264 3325 AEsculnpic
1275 3255 1369 3305 strno-

264 3328 301 3359 ¹¹'
424 3344 522 3402 retur!
563 3340 674 3410 Morbi,
695 3342 757 3401 sive
774 3340 826 3400 illu
844 3361 912 3419 ope,
927 3343 988 3400 sive
1008 3341 1088 3419 quod
1104 3341 1233 3419 alioquin
1248 3340 1370 3400 desituri

262 3454 412 3503 Tubulum-
423 3434 550 3506 inerant,
563 3456 722 3497 cessavere.
763 3436 918 3516 Templum
931 3456 1000 3493 mox
1014 3436 1173 3513 insignibus
1184 3436 1325 3505 doneriis,
1339 3444 1371 3495 et

262 3532 323 3566 ¹³⁰¹·
337 3519 402 3595 apud
424 3528 583 3600 bominum,
592 3533 641 3610 qui
654 3532 788 3590 remediis
800 3532 975 3590 salutaribus
984 3533 1023 3589 eb
1035 3532 1196 3591 eonumine
1209 3551 1240 3588 se
1252 3530 1370 3609 ndjutos

263 3582 401 3695 ppsrcprppl.
424 3623 565 3695 ferebant,
580 3626 785 3706 predicatione
793 3626 978 3685 nobilitatum
991 3635 1045 3685 est.

264 3707 390 3820 §lpum-
463 3728 514 3782 15.
538 3722 573 3781 L.
589 3722 759 3781 Postumius
777 3720 879 3781 consul
894 3721 1071 3798 superbiam,
1093 3720 1123 3778 in
1139 3722 1210 3779 urbe
1231 3718 1370 3779 ntlvetsus

312 3931 345 3964 e·-
455 3932 504 3971 um
528 3931 603 3971 enlm
664 3956 671 3971 .
721 3932 740 3970 n
770 3932 805 3971 us
949 3953 957 3977 ‚

262 2944 358 2995 Sueten.

262 3009 348 3059 claun.
358 3014 399 3060 26.

425 4098 483 4149 lieri
494 4100 543 4149 boe
559 4101 615 4150 sine
625 4101 728 4153 numine
740 4100 794 4151 nllo
804 4101 875 4150 Deo·
917 4099 1047 4148 Lucienus
1075 4098 1101 4147 tn
1129 4097 1287 4156 Alexandro,
1312 4098 1371 4150 slve

427 4178 482 4214 rum
507 4166 630 4229 potuerit,
650 4164 753 4230 eprep'lc
774 4163 878 4219 docebit
917 4162 1112 4249 l’seurlomanti.
1143 4162 1259 4211 Clericus.
