2917 4767
374 362 479 412 nrnnr
504 360 620 411 xvrrr.
641 358 964 411 scernnunurnu.
1137 346 1233 413 1575·

102 522 159 581 que
175 500 258 563 tosa
273 522 355 583 oprrs
364 522 428 563 esse
442 500 622 579 judicantes,
635 501 725 562 nuliis
741 500 861 563 defensa
873 502 1058 563 munimentis
1070 513 1146 565 Diod.

103 598 228 658 tentoria
248 596 398 675 figerent:
425 618 461 657 ec
482 618 550 658 cum
570 598 641 657 lixe
661 608 892 679 mercatoresque
913 600 1059 676 ingentem

104 712 249 753 mam
261 693 484 773 plurimumque
496 692 558 753 vini
574 692 789 763 convenissent,
802 695 972 755 mercenarii
985 692 1061 755 Gar·

104 788 337 867 tbuginiensiurn
358 788 444 849 avide
455 788 562 848 baustc
574 807 667 858 merc,
679 788 856 849 clamoribus
867 788 1002 861 dissonis,
1015 799 1061 851 tu·

104 883 258 962 multaque
276 893 314 943 et
330 885 463 965 snepibr,
475 882 574 963 qualis
584 883 756 944 ebrietatem
768 885 851 963 sequi
865 883 952 956 sciet,
964 886 1063 945 crnnis

104 979 307 1059 complevere.

142 1081 192 1135 53.
212 1076 299 1135 Tum
320 1096 392 1136 vero
411 1075 616 1156 tempestivum
637 1074 802 1155 proconsuli
825 1076 931 1147 visum,
952 1074 1159 1142 emissisP0bb·
1236 1068 1240 1075 ’
1317 1054 1320 1061 ¹

106 1170 254 1253 expeditis
274 1171 380 1231 hostes
400 1170 439 1230 ad
460 1190 591 1250 pugnam
611 1170 772 1251 prolicere:
798 1174 995 1255 processitque
1017 1192 1063 1233 res

106 1267 149 1326 ita
165 1266 312 1337 feliciter,
325 1275 359 1325 ut
371 1264 437 1325 aliis
448 1264 573 1345 aliisque
584 1266 708 1327 subinde
720 1267 984 1347 prorumpentibus,
997 1276 1062 1327 tsn-

108 1361 176 1422 dem
186 1370 269 1422 totns
281 1360 490 1423 Hasdrubalis
500 1363 647 1423 exereitus
656 1382 673 1421 e
682 1363 785 1422 castris
797 1360 978 1423 educeretur.
1013 1362 1064 1424 Ibi

111 1458 146 1518 L.
160 1457 307 1519 cecilius
326 1456 497 1538 proconsule
517 1464 630 1539 partem
649 1456 772 1517 velitum
784 1466 853 1517 ante
864 1457 972 1518 innam
985 1459 1064 1519 urbis

109 1551 254 1633 diponit:
277 1554 327 1611 bis
346 1553 480 1632 imperat,
500 1553 526 1611 si
546 1551 665 1631 quidem
686 1552 837 1633 elephanti
857 1554 975 1636 propius
995 1574 1062 1633 sng-

110 1650 195 1727 gre-s
214 1658 330 1719 essent,
350 1647 444 1709 densa
462 1650 493 1708 in
512 1666 564 1709 ecs
582 1648 646 1708 tela
662 1649 840 1728 conjiciant:
861 1650 886 1708 si
907 1657 1064 1728 urgeantur

109 1744 173 1823 ipsi,
186 1744 343 1823 refugiant
354 1745 385 1803 in
397 1744 500 1815 ionas,
514 1753 602 1824 etque
615 1764 726 1804 surarum
740 1744 808 1805 inde
820 1754 979 1805 conentur:
1002 1764 1063 1804 scr—

111 1839 193 1901 didos
216 1840 348 1921 opifices
371 1850 404 1899 et
426 1840 569 1901 forensem
593 1840 709 1901 turbam
735 1849 919 1921 comportare
943 1840 1065 1901 missilis

109 1936 203 2012 jubet,
215 1946 252 1997 et
270 1946 360 1997 extra
380 1955 477 1996 muros
496 1936 649 2017 projicere,
662 1954 701 1995 ne
712 1935 800 2016 copie
812 1935 915 1995 borum
926 1935 1065 1995 velitibus

113 2031 203 2091 desit:
229 2033 404 2111 sagittarios
429 2031 458 2091 in
483 2032 574 2091 muris
598 2030 697 2091 locat:
723 2031 785 2110 ipse
810 2050 879 2089 cnm
899 2030 1066 2090 cohortibus

114 2128 254 2204 gravioris
279 2136 434 2189 armstm
456 2129 535 2187 intra
557 2136 682 2207 portem,
704 2126 811 2186 dextro
830 2126 956 2186 bostium
975 2144 1065 2187 cornu

114 2222 281 2295 obseram,
303 2226 461 2285 instructus
482 2232 658 2304 paratusque
680 2222 823 2283 consistit.
873 2220 993 2283 Interes
1014 2222 1065 2301 qui

114 2319 246 2397 perium
269 2322 488 2391 commiserant,
502 2317 592 2379 modo
611 2318 798 2379 multitudine
818 2318 944 2379 bostium
964 2319 1065 2399 pressi,

114 2418 235 2475 serm
250 2414 404 2475 ordinibus
419 2414 585 2476 referebant
600 2412 716 2495 pedem,
729 2412 818 2473 modo
834 2413 999 2475 recentibus
1017 2434 1066 2473 su·

115 2531 196 2571 orum
215 2510 340 2572 auxiliis
359 2510 537 2582 confirmati,
549 2528 617 2589 quos
637 2508 792 2592 promul
814 2508 973 2569 identidem
987 2528 1066 2569 surn-

117 2608 253 2667 nittebst
272 2606 486 2678 laborantibus,
498 2624 627 2686 pugnam
641 2604 840 2661 sustinebunt:
860 2622 928 2661 cum
941 2612 1068 2662 rectores

115 2700 339 2782 elephantorum
358 2700 547 2758 aemulatione
568 2697 690 2768 incensi,
709 2716 769 2775 quo
787 2696 841 2777 ipsi
862 2696 1068 2777 potiusquam

120 2794 294 2857 Hasdrubal
313 2803 446 2853 uictores
464 2792 597 2853 victoris
615 2791 704 2851 fuisse
724 2790 901 2861 riderentur,
914 2790 1070 2851 concitatis

119 2891 223 2953 belluis
243 2890 418 2971 proturbant
438 2886 629 2957 advesarios,
643 2896 676 2946 et
691 2886 731 2947 sd
744 2886 846 2946 urbem
858 2906 889 2945 se
902 2884 1067 2965 recipienti·

119 2988 171 3049 bus
190 2990 312 3048 incaute
330 2986 483 3056 instantes,
503 2982 544 3042 ad
565 2983 658 3065 ipsam
678 3001 771 3063 usquc
791 2980 898 3043 iooeam
920 2978 1067 3060 progredi·

120 3092 214 3145 unm.

158 3186 207 3241 bd
230 3176 283 3239 lbi
300 3196 462 3248 vero,.cum
474 3186 506 3237 et
524 3175 699 3237 arnoenibus
710 3172 882 3251 sagittarum
894 3170 1008 3231 nimbus
1020 3190 1067 3231 ru-
1079 3195 1233 3250 honam

121 3285 190 3348 eret,
198 3284 233 3335 et
241 3295 261 3333 s
271 3273 448 3343 recentibus,
460 3273 513 3353 qui
525 3280 593 3333 ante
605 3270 713 3331 fossam
724 3276 878 3338 steterant,
890 3266 982 3327 hoste
993 3266 1068 3327 veii·
1079 3266 1166 3376 ζὴ

122 3378 195 3432 tures
214 3368 369 3431 confertim
382 3371 564 3448 jacerentur,
583 3366 712 3427 coniecti
731 3363 899 3425 vulneribus
921 3360 1070 3443 eiepbanti
1100 3340 1140 3391 ⁰³

122 3468 232 3537 nure,
251 3466 442 3543 conversique
461 3484 522 3543 quc
539 3462 674 3523 doloret
692 3462 737 3521 ira
756 3459 881 3530 ferebat,
903 3458 1069 3519 incumbere

124 3563 189 3633 suis,
201 3570 347 3642 proterere
358 3559 473 3629 obvios,
485 3558 656 3640 perturbere
666 3565 698 3616 et
715 3554 873 3616 dissolvere
886 3552 1003 3615 ordines
1023 3575 1069 3615 ar·

125 3666 264 3717 matorum
274 3674 406 3735 coepere:
428 3674 488 3733 quo
500 3652 713 3723 animadverso,
726 3650 892 3732 proconsul,
906 3659 916 3687 ⁴
928 3650 983 3711 hoc
995 3649 1070 3711 iliud

125 3769 182 3813 one
192 3761 311 3831 tempas
321 3751 446 3830 provise
457 3748 509 3810 diu
526 3749 670 3812 vicwnae'
686 3746 852 3816 clamitens,
865 3754 967 3826 aperta
986 3754 1071 3826 ports

124 3848 298 3927 prorumpit:
319 3866 416 3925 neque
435 3844 556 3906 difficile
576 3853 724 3905 certamen
747 3842 893 3902 instructis
909 3847 940 3899 et
951 3858 1070 3919 compo-

123 3942 184 4001 sitis
202 3942 343 4001 adrasus
362 3939 542 4021 trepidantes
561 3949 593 4000 et
612 3940 746 4000 turbatos
760 3936 833 3997 init:
855 3932 1072 4013 magnacaedss

125 4037 450 4116 pugnantiumque
469 4035 645 4114 fugientium
664 4034 756 4104 iacta,
774 4052 845 4093 casu
865 4026 1005 4109 quodum,
1019 4030 1071 4109 qui

126 4132 287 4209 prmidinrn
307 4130 426 4215 efflictis
437 4130 540 4191 afferre
550 4130 702 4202 debuerat,
717 4128 793 4189 uitro
806 4124 1005 4187 miamimtem
1017 4144 1071 4185 nu-
