2917 4767
235 487 237 490 ·
353 461 485 543 periculo
506 461 576 531 fuit:
598 462 870 541 circumventusque
887 462 972 532 foret,
995 462 1050 521 nisi
1075 470 1199 523 mutire
1229 468 1337 541 copto
1447 488 1448 515 ι

352 557 478 619 consilio
488 557 660 619 misismtnd
671 557 848 629 Hieronem,
856 558 987 638 quuside
995 557 1339 637 conditionibuspaois
1447 588 1448 609 r

353 654 1338 715 scurrrnrmisitetillecertumlmminemexnmicisrcum
1447 658 1448 663 ’

353 749 737 830 lroccmptocolloqnio,et
755 750 794 811 dc
815 749 956 811 industrio
976 749 1132 830 producto,
1144 749 1277 809 sensim
1291 766 1337 807 ex
1447 778 1448 809 r

213 1435 258 1485 Sil.
266 1434 322 1483 llil.
331 1434 349 1482 Ι.

200 1516 239 1547 vr.
247 1514 282 1549 rs.
292 1502 350 1547 tuo.

199 1564 269 1612 Entr.
280 1562 296 1611 Ι.
305 1577 336 1609 ιι.

216 1625 325 1690 ucnp.

668 319 702 371 Τ.
728 320 820 369 nivi!

354 846 454 925 iniquo
467 846 534 907 loco
542 866 575 907 se
586 846 733 906 subtruxit
745 846 775 905 in
788 854 894 906 tutum.
937 844 1116 925 Syrecmuni
1127 864 1268 924 quoque
1283 864 1337 903 se·

352 942 427 1013 cuti,
440 960 587 1003 mutones
597 940 635 1001 de
647 960 721 1022 psoe
733 960 801 1002 cum
812 939 934 1003 dirersis
947 939 1095 1001 Romanis
1106 940 1336 1009 inminuerunt,

355 1046 591 1117 conventumque
599 1035 687 1109 foret,
699 1038 730 1096 ni
744 1036 843 1098 Hiero
859 1045 963 1097 auctor
976 1034 1040 1097 fieri
1052 1036 1211 1097 noluisset.
1264 1034 1337 1094 His

357 1132 445 1192 rebus
455 1134 589 1213 gerendis
600 1135 696 1212 mnjor
709 1133 778 1193 unni
791 1152 858 1214 pers
867 1141 1039 1193 consumto:
1060 1140 1123 1191 tum
1137 1132 1336 1190 Messanam

358 1228 447 1289 rediit
457 1229 572 1301 consul,
583 1238 615 1289 et
626 1228 695 1288 inde
706 1229 876 1289 cohortibus
887 1227 1001 1307 aliquot
1013 1225 1122 1287 relictis
1133 1227 1173 1287 nd
1187 1225 1336 1287 tuendos

361 1323 643 1396 Mamertinos,cum
654 1325 758 1385 ceteris
771 1323 922 1403 Rhegium
937 1324 1072 1402 trajecit:
1093 1342 1164 1383 mox
1178 1322 1336 1382 Romam

360 1420 487 1497 decessit
506 1419 546 1480 od
566 1419 756 1500 triumphurn,
776 1439 864 1499 quem
883 1419 923 1479 de
943 1417 1046 1479 Ptenis
1067 1423 1099 1476 et
1117 1436 1186 1495 rege
1203 1416 1334 1477 Sicilia

363 1514 509 1587 Hierone,
522 1514 602 1596 quod
610 1514 719 1596 primns
732 1514 782 1574 ille
791 1512 1158 1593 detrunsrnurinispopulis
1166 1520 1335 1589 ageretur,

363 1611 610 1690 mngnuomninm
630 1609 826 1688 grensletione
843 1609 940 1669 duxit.
982 1607 1056 1669 Hoc
1068 1607 1183 1667 initium
1200 1606 1331 1666 Romu·

201 1706 260 1741 Ψ·
364 1708 411 1767 nis
433 1707 567 1768 tentundi
586 1705 691 1777 muris,
711 1714 744 1765 et
762 1705 811 1765 hie
827 1722 977 1765 succesum
992 1710 1152 1783 coeptorum
1166 1704 1198 1761 in
1215 1701 1334 1763 Sicilie

219 1917 308 1983 Polyb.
318 1932 337 1966 r.

203 1986 244 2033 ll.

217 3356 284 3467 ἐπ’
296 3355 343 3418 Ep.
382 3421 485 3491 vincit,
498 3410 681 3481 obsidionem
693 3414 925 3483 Volsiniensium
942 3422 982 3482 srl
994 3423 1106 3483 eximin
1119 3422 1249 3484 deduxit.
1256 3422 1330 3484 ulter

381 3513 484 3576 consul
495 3516 542 3575 Μ.
552 3514 685 3587 Fulvius,
696 3517 748 3596 qui
761 3518 904 3589 hominos,
912 3517 1051 3579 advorsus
1061 3519 1121 3579 vim
1128 3518 1329 3599 desperatione

383 3611 510 3684 validos,
519 3612 619 3694 inopie
628 3631 723 3672 rerum
732 3614 957 3674 neomeniarum
965 3622 995 3674 et
1003 3613 1082 3673 ieme
1092 3614 1215 3675 domuit.
1240 3612 1331 3673 Fsctu
1414 3668 1416 3673 .

217 3632 302 3679 Zonnr.

366 1801 433 1863 fuit.
713 1850 716 1854 ,

406 1904 459 1959 88.
481 1895 622 1958 Ceterum
647 1906 680 1956 et
705 1896 763 1956 istc
781 1905 813 1956 et
836 1893 1019 1975 sequentium
1043 1902 1209 1973 temporum
1240 1901 1333 1972 geste

365 1994 538 2074 scriptorum
562 1990 722 2051 ambitione
742 1998 879 2071 corrupto
898 1996 985 2051 sunt:
1006 2008 1129 2069 quorum
1152 1988 1329 2070 precipui,s

367 2087 508 2148 Philinus
520 2084 743 2163 Agrigentinus,
751 2095 782 2145 et
794 2106 833 2145 ex
846 2084 992 2145 Romanis
1000 2084 1111 2144 Fnbins
1122 2084 1245 2156 Pictor,
1254 2083 1331 2143 dum

366 2182 418 2241 illc
428 2179 715 2256 Carthaginiensium
722 2179 835 2257 glorius,
847 2178 895 2243 hic
904 2179 1073 2240 domestice
1080 2179 1201 2239 nimium
1210 2177 1329 2247 studet,

366 2275 495 2337 officinm
507 2283 539 2334 et
550 2274 639 2335 fidem
657 2275 774 2355 insuper
794 2275 968 2337 habuerunt.
1009 2276 1146 2343 Quorum
1168 2274 1331 2335 levitatem

368 2372 472 2431 merito
494 2369 643 2450 Polybius
663 2370 780 2448 arguit:
809 2372 919 2451 quippe
941 2372 1121 2431 eumenium
1141 2370 1328 2450 privatorum

370 2466 499 2528 minimis
511 2467 542 2525 in
551 2467 649 2526 censis
665 2465 741 2527 lelso
753 2467 920 2529 testimonio
935 2468 1145 2529 circumvenire
1157 2466 1331 2547 quemlibet

370 2562 541 2628 execrabile
553 2562 663 2622 crimen
679 2562 836 2634 habentur,
850 2572 961 2643 quanto
981 2563 1101 2624 foediore
1114 2562 1242 2643 perfidio
1255 2580 1328 2637 cone

369 2660 450 2720 ditor
469 2659 597 2721 historie
619 2661 783 2740 principum
805 2669 894 2739 etque
917 2663 1090 2741 populorum
1111 2672 1179 2724 ectu
1190 2681 1325 2723 conum-

372 2774 442 2835 pere
461 2753 625 2814 censendus
643 2754 707 2813 estl
729 2753 779 2814 cui
799 2772 894 2833 nsque
914 2756 1082 2817 monalium
1101 2758 1325 2819 commodorum

372 2851 543 2929 quicquum,
565 2868 662 2930 neque
684 2848 803 2929 spiritus
825 2850 887 2930 ipse
909 2849 1033 2931 pulchro
1054 2852 1177 2911 veritum
1197 2852 1331 2913 debebat

373 2965 437 3007 esse
450 2945 614 3025 untiquiom
636 2954 721 3004 tento
733 2945 839 3005 minori
852 2965 903 3025 spe
915 2946 1020 3016 renim,
1043 2945 1123 3025 quod
1144 2966 1180 3006 ne
1198 2957 1327 3027 proetsx·

374 3049 437 3101 turn
449 3040 569 3120 quidem
582 3040 742 3101 mentiendi
755 3039 882 3118 ellegere
895 3038 1033 3107 idoneum
1045 3040 1138 3101 ullum
1150 3050 1258 3122 potest,
1269 3042 1329 3111 cui,

375 3138 401 3196 si
414 3136 506 3199 libere
519 3154 587 3215 qme
600 3156 671 3195 vern
681 3137 797 3196 sciebnt
807 3154 993 3217 quecumque
1008 3136 1045 3197 de
1058 3156 1148 3197 ceusu
1160 3156 1219 3197 non
1232 3136 1330 3197 lionis·

376 3242 423 3292 set
435 3232 561 3303 trudere,
574 3240 673 3291 tocere
684 3240 766 3291 cerie
780 3231 916 3292 licuisset

421 3333 472 3387 88.
494 3327 590 3386 Porro
602 3324 673 3384 dum
685 3326 715 3384 in
729 3324 833 3387 Sicilie
841 3325 986 3387 Claudius
999 3325 1164 3387 Hieronem
1176 3337 1208 3387 et
1220 3328 1330 3405 Poencn

381 3706 534 3769 deditione
553 3710 701 3787 ingreium
723 3708 848 3770 illudet
867 3710 994 3771 insolens
1013 3709 1213 3769 libertinorum
1229 3709 1330 3787 vulgos

381 3822 448 3863 cnm
462 3805 592 3867 cmcictu
606 3805 792 3867 interemtum
804 3814 867 3865 cst:
887 3805 957 3865 urbs
968 3807 1058 3866 etium
1072 3806 1135 3885 ipsu
1146 3804 1262 3865 dimne:
1283 3822 1325 3863 re

381 3902 455 3987 liqui
468 3904 709 3975 Volsiniensium,
723 3912 756 3963 et
767 3902 848 3983 quod
860 3923 1007 3965 serrorum
1028 3902 1118 3963 iidem
1138 3910 1227 3982 utque
1248 3918 1329 3964 rere·

587 4111 604 4155 8
620 4104 688 4156 End.
699 4110 762 4157 orte
772 4104 850 4155 Creu.
863 4120 915 4155 rum
925 4118 1004 4155 em
1013 4103 1137 4168 merim.
