2917 4767
705 386 742 434 T·
766 384 861 435 ttvn

390 546 447 608 qne
460 526 621 588 haberent:
642 520 815 608 quibuscum
836 526 865 586 in
887 524 1019 587 Siciliam
1031 524 1165 607 proiecti,
1185 536 1358 605 postquam

301 660 310 677 .
391 624 432 682 ibi
445 625 516 683 satis
527 633 592 683 tuta
611 624 720 693 omnia,
744 622 876 702 nihilque
895 620 978 692 mali,
1002 630 1196 702 preterquam
1216 620 1303 700 quod
1320 621 1355 679 in

391 719 597 799 expectatione
605 727 636 778 et
645 728 723 778 metu
734 716 840 788 luerat,
849 718 1034 797 reperissent,
1045 715 1188 797 praesidiis
1196 716 1247 774 ubi
1258 734 1359 777 max-

392 813 449 873 ime
463 834 537 894 opus
549 823 613 874 erat
625 812 746 885 relictis,
767 832 835 873 cum
850 822 948 872 cetero
969 812 1100 872 exercitu
1115 812 1246 891 protinus
1259 810 1358 870 Affi-

246 1008 341 1064 aa,
361 1006 380 1057 ι.
392 927 459 1075 tt}
471 907 912 1082 litlltttlllrlt
925 906 1359 1083 tttsstlffittft

230 1075 382 1200 ᾗνῖιξῗῗ·
393 1100 467 1159 rium
481 1110 536 1170 eat,
546 1102 642 1182 posita
653 1109 699 1160 eat
710 1099 831 1177 insula‚)
845 1100 968 1159 vastatis
980 1099 1069 1178 agria,
1082 1107 1114 1159 et
1127 1100 1199 1158 urbe
1212 1098 1355 1175 ejusden

230 1204 290 1251 Μ.
395 1191 519 1256 nominis
532 1206 631 1278 capta,
646 1195 814 1277 praesidium
827 1196 1035 1275 imposuerunt.

231 1264 315 1315 ΖΜ·
435 1298 485 1352 35.
519 1291 596 1351 Inde
619 1292 659 1350 ad
686 1290 861 1350 Hermaeum
888 1291 1117 1371 promontorium
1144 1299 1355 1369 perrexerunt,

231 1344 343 1466 Pp&
366 1407 384 1457 ι,
395 1386 475 1467 qnod
493 1386 591 1447 medio
610 1388 684 1447 inter
697 1386 956 1465 Carthaginemet
970 1384 1117 1466 Clupeam
1139 1385 1208 1456 situ,
1223 1384 1356 1445 alterum

232 1474 385 1583 ;'{¹·lf·⁸³²·
397 1481 649 1561 Carthaginiensis
664 1482 744 1541 ainus
756 1500 845 1541 cornu
859 1480 980 1541 claudit.
1016 1482 1063 1540 Eo
1076 1479 1142 1540 loco
1154 1500 1222 1539 cum
1236 1480 1355 1541 Poeno-

232 1550 321 1649 ὣ]
397 1584 461 1637 rum'
473 1597 563 1638 naves
574 1577 777 1647 occurrissent,
791 1578 911 1655 acrique
923 1576 1082 1636 certamine
1095 1576 1169 1634 duas
1181 1575 1258 1634 inter
1273 1574 1355 1634 clas-

396 1692 443 1732 sea
464 1672 662 1743 dimicaretur,
683 1666 797 1733 auxilio
819 1692 925 1733 venere
945 1673 1005 1731 auis
1027 1690 1046 1731 a
1066 1669 1184 1751 Clupea
1204 1669 1354 1740 Romani,

397 1778 634 1847 momentumque
647 1768 717 1839 hoc,
738 1767 856 1847 paribus
876 1787 1004 1846 eousque
1024 1768 1120 1837 rebus,
1143 1765 1182 1826 ad
1196 1766 1355 1827 victoriam

235 1876 376 1929 tinctu.
396 1862 463 1923 luit.
504 1863 595 1923 Poeni
608 1882 699 1923 naves
711 1869 836 1941 quatuor
849 1881 938 1943 supra
957 1870 1077 1935 centum
1097 1880 1285 1931 summersae,
1300 1862 1355 1919 tri-

398 1957 481 2037 ginta
506 1967 610 2039 captae
632 1958 671 2017 ab
689 1958 833 2028 hostibus,
857 1956 982 2017 militum
1004 1956 1043 2016 ad
1063 1955 1159 2017 millia
1181 1956 1355 2035 quindecim

236 2064 308 2114 oros.
399 2053 566 2113 amiserunt.
608 2052 659 2113 Ex
685 2052 832 2112 Romanis
855 2052 935 2111 mille
960 2060 1077 2113 centum
1098 2050 1209 2132 periere
1228 2051 1354 2122 milites,

398 2146 466 2207 cum
475 2148 599 2208 navibus
608 2166 723 2208 novem.
755 2146 832 2206 Tum
841 2146 1019 2228 Clupeam¹⁵
1031 2147 1165 2229 prolecta
1173 2146 1286 2217 classis,
1300 2166 1357 2206 ex·

400 2244 568 2324 positusque
594 2240 678 2300 miles
698 2242 790 2320 juxta
812 2243 905 2321 ipsam
925 2243 1076 2303 civitatem
1096 2252 1194 2303 castra
1217 2243 1355 2301 munivit.

400 2336 555 2397 Venerunt
575 2335 680 2395 eodem
694 2335 952 2415 Carthaginienses
966 2339 1070 2419 copiae,
1092 2357 1166 2417 quaa
1186 2337 1358 2397 Hannones

401 2431 631 2491 duo'ducebant.
667 2431 718 2492 Ita
733 2431 859 2512 pedestri
867 2453 984 2513 quoque
998 2432 1152 2513 pralioree
1164 2442 1258 2511 gesta,
1272 2432 1357 2493 dete·

403 2526 479 2586 riore
502 2525 663 2585 Poenorum
686 2526 814 2599 fortuna,
835 2528 885 2606 qui
907 2528 955 2589 hic
978 2548 1094 2608 quoque
1119 2528 1234 2588 circiter
1260 2526 1358 2588 millia

403 2619 529 2681 militum
543 2640 646 2681 novem
659 2620 861 2701 perdiderunt.
903 2622 993 2702 Capti
1006 2633 1074 2683 sunt
1086 2624 1160 2683 inter
1174 2622 1227 2682 hos
1240 2622 1359 2705 aliquot

317 2775 324 2789 ‚
403 2716 458 2776 viri
471 2716 595 2786 nobiles,
615 2717 780 2795 servatique
803 2738 822 2776 a
842 2718 1021 2789 consulibus,
1044 2728 1078 2777 ut
1098 2738 1149 2799 per
1161 2719 1214 2778 hos
1228 2718 1276 2777 Μ.
1292 2717 1357 2778 Re·

404 2812 501 2891 gulus,
524 2821 557 2874 et
579 2812 630 2892 qui
643 2832 711 2873 cum
723 2832 760 2873 eo
781 2812 905 2873 similem
925 2834 1026 2875 casum
1048 2814 1208 2886 subierant,
1229 2814 1358 2875 redime·

404 2916 512 2968 rentur.

446 3008 498 3063 36.
521 2998 727 3065 Deliberatum
750 3004 818 3065 inde
838 3012 884 3065 cst
905 3004 943 3064 de
959 3005 1169 3084 praesentibus:
1190 3024 1358 3086 magnaque

405 3118 472 3179 spes
493 3096 590 3159 linerat
603 3100 740 3160 Africam
754 3100 871 3160 retineri
895 3118 997 3179 posse:
1019 3108 1218 3160 verumtamen
1237 3102 1357 3180 regione

406 3214 639 3273 quaquavermm
653 3204 781 3266 vastata,
794 3216 861 3258 cum
875 3196 968 3255 lomes
988 3196 1148 3267 timeretur,
1162 3194 1270 3255 abduci
1290 3196 1357 3256 Ro

406 3308 509 3348 manos
520 3290 572 3367 qui
586 3288 733 3369 Clupeam
743 3291 831 3349 tutati
844 3290 970 3362 luerent,
981 3290 1173 3370 Siciliamque
1186 3292 1279 3371 repeti
1292 3276 1360 3372 plass

406 3384 478 3443 cuit
520 3382 640 3443 Avecta
651 3393 697 3444 eat
709 3404 769 3444 una
781 3386 882 3463 ingens
895 3386 1006 3467 praeda,
1020 3406 1110 3466 quam
1123 3386 1153 3445 in
1167 3387 1268 3445 urbem
1282 3386 1359 3447 clu-

308 3507 315 3522 ·
409 3496 494 3557 poam
523 3476 570 3537 Μ.
598 3478 711 3557 Reguli
737 3481 823 3541 rebus
849 3481 946 3542 adhue
976 3482 1119 3563 prosperis
1143 3482 1359 3563 comportatum

408 3571 539 3633 victoriae
550 3584 681 3635 recentes
692 3576 924 3638 cumulaverant.
1401 3638 1404 3643 ,

450 3672 501 3731 37.
523 3669 705 3731 Perventum
722 3680 787 3732 erat
807 3672 837 3732 in
858 3666 991 3733 Siciliam
1013 3681 1078 3732 tuta
1100 3672 1301 3751 navigatione,
1313 3674 1358 3732 ni·

409 3762 559 3845 minmque
571 3765 672 3826 felices
684 3765 808 3827 luissent
819 3767 964 3838 consules,
977 3768 1002 3827 si
1014 3767 1151 3828 felicitati
1162 3788 1223 3828 suae
1236 3766 1356 3827 modum

408 3849 537 3920 uetuere
551 3859 730 3922 didicissent.
773 3860 834 3923 Sed
848 3864 930 3942 quia,
944 3862 1015 3922 dum
1028 3864 1058 3923 in
1073 3862 1195 3923 Italiam
1212 3864 1356 3923 revehun-

409 3961 468 4026 tur,
481 3955 585 4016 eadem
599 3976 689 4037 opera
701 3958 843 4036 quasdam
856 3960 941 4017 urbes
958 3958 1069 4018 Siciliae
1089 3958 1252 4018 maritimas
1270 3959 1359 4040 recipi

411 4068 496 4126 posse
509 4053 666 4135 putabant,
679 4054 874 4133 nequicquam
890 4055 1104 4115 obtestantibus
1121 4054 1241 4114 navium
1254 4054 1361 4134 guber·

464 4264 469 4272 .
534 4223 564 4268 ln
581 4218 624 4270 Ita
635 4222 712 4273 crea.
723 4236 757 4274 ex
767 4221 844 4274 Orco.
861 4205 941 4273 Edd
953 4222 1052 4287 priores
1065 4222 1125 4274 aaa
1138 4223 1243 4274 Uliam.
