2917 4767
419 394 600 443 anisacar
625 395 940 447 suneursronrs.
1137 382 1223 449 lace

119 546 181 615 die,
206 546 283 627 apud
309 544 358 605 Te
383 546 526 625 conspici,
548 564 567 603 a
586 543 630 605 Te
649 547 763 626 respici,
783 545 935 605 familiaris
954 547 1091 627 speciem,
1114 546 1222 619 locum,

121 644 240 720 gretiam
253 642 415 702 obtineret
437 642 526 701 Certe
538 642 704 701 tantamibi
724 641 850 702 felicitas
867 662 934 702 mea
953 644 1017 702 visa
1035 653 1090 715 est,
1112 653 1145 703 ut
1165 664 1223 705 non

120 742 224 817 injuria
235 741 343 798 timere
351 742 421 818 jam
434 738 527 817 ipsam
540 738 705 817 inciperem.
748 738 928 817 Quanquam
940 741 1017 799 enim
1034 743 1222 820 pergratiam

119 835 186 895 Der
201 836 340 916 quotidie
353 856 402 894 me
415 835 462 893 bis
473 834 606 893 omnibus
618 833 761 913 exspolio,
774 832 905 893 deseram
917 835 997 895 baud
1008 836 1103 896 deseri
1114 842 1222 909 certus,

116 941 215 991 tamen
225 930 435 991 imbecillitate
444 930 543 999 animi,
551 928 727 989 etlelicitate
741 930 831 988 nimia
839 939 969 1009 poteram
978 931 1159 1004 insolescere,
1168 936 1222 993 nisi

117 1030 204 1087 certis
224 1027 410 1105 argumentis
432 1028 461 1084 in
483 1026 790 1105 temporevdocuisses,
806 1035 918 1086 tantam
931 1027 1078 1089 fortunam
1091 1048 1147 1089 non
1161 1040 1222 1089 tam

119 1124 205 1183 alieni
225 1124 338 1194 meriti,
351 1142 442 1201 quam
462 1122 535 1181 Ture
556 1123 714 1182 voluntatis
733 1132 765 1182 et
783 1123 886 1201 gratiae
898 1122 1007 1182 donum
1019 1144 1091 1183 esse.
1133 1125 1222 1185 Cete-

119 1240 181 1277 rum
202 1220 234 1277 in
256 1220 315 1278 boc
337 1220 413 1299 ipso,
432 1218 513 1297 quod
527 1228 640 1278 tantrrm
659 1240 721 1278 esse
739 1219 816 1288 dixi,
828 1230 900 1297 quot
912 1228 980 1278 sunt
991 1220 1101 1279 eximia
1112 1231 1144 1279 et
1155 1242 1221 1301 pro·

119 1316 203 1393 pris?
232 1316 367 1375 Tantrrm
379 1314 525 1375 vocationi
538 1335 612 1375 meae
624 1326 655 1375 et
667 1315 770 1375 studiis
785 1315 978 1396 mancipatus,
991 1315 1048 1375 hoc
1059 1325 1115 1386 est,
1129 1326 1163 1376 ut
1171 1318 1223 1396 qui

120 1412 232 1488 optimo
240 1415 325 1490 jure,
340 1413 424 1482 liber,
438 1411 525 1471 nullis
538 1413 576 1471 ab
589 1412 685 1473 officio
704 1432 771 1472 meo
786 1411 889 1471 alienis
905 1412 1069 1471 ministeriis
1089 1412 1221 1472 deteror:

121 1524 175 1565 nec
187 1508 316 1587 tempori
328 1508 416 1567 modo
428 1507 657 1588 valetudinique,
666 1508 718 1567 sed
729 1510 819 1569 etiarn
831 1507 982 1568 modesoae
992 1528 1028 1568 ac
1040 1508 1144 1589 pudori
1157 1530 1223 1569 meo

120 1602 259 1664 consulis.
303 1602 377 1662 Non
399 1622 538 1682 appareo,
560 1603 615 1661 nisi
635 1624 701 1663 cum
722 1604 821 1663 studia
840 1612 1020 1663 tractantur:
1041 1624 1078 1662 ne
1099 1602 1138 1661 ad
1158 1606 1231 1667 baec'

121 1697 241 1775 quidem
255 1698 382 1777 injure
394 1699 532 1777 irrumpo,
545 1706 579 1756 ut
595 1698 705 1757 ebosus
719 1708 751 1757 et
770 1708 867 1758 mutus
878 1707 1026 1779 spectator
1037 1708 1142 1770 estem,
1154 1719 1222 1760 curn

120 1795 261 1873 temporis
273 1794 418 1873 deperditi
431 1792 605 1853 detrimento
625 1796 772 1854 subiturus
783 1796 872 1855 etiam
888 1794 1045 1854 ludibrium
1058 1794 1163 1853 stolide
1175 1814 1222 1854 os·

124 1896 245 1947 tentatae
264 1888 480 1949 familiaritatis.
523 1888 593 1949 Nec
618 1910 738 1969 operam
758 1909 854 1950 meam
878 1890 966 1950 vilem
992 1891 1093 1950 habes.
1135 1890 1223 1949 Nibil

124 1992 286 2043 tractamus
297 1985 375 2064 quod
388 1986 459 2062 tegi,
474 1985 545 2043 nihil
558 1986 639 2065 quod
652 1986 787 2044 excusari
799 1987 838 2044 sit
856 2005 940 2064 opus.
982 1984 1097 2062 Dignos
1108 2005 1160 2043 eas
1171 2006 1223 2044 cu·

124 2098 170 2137 m,
181 2080 310 2150 homine,
321 2079 427 2158 dignas
440 2080 538 2159 Bago,
555 2080 642 2139 fateri
654 2081 781 2158 oogitru,
793 2080 925 2160 quisquis
937 2100 994 2139 non
1007 2079 1120 2140 mavult
1132 2067 1234 2159 impe«⁶

122 2176 218 2235 ritism
230 2196 315 2237 suam
335 2177 539 2256 basilianum
551 2177 693 2237 confiteri.
736 2176 841 2255 Atque
862 2176 1003 2235 hactenus
1017 2196 1117 2235 eorum
1137 2176 1224 2236 retuli

122 2283 249 2351 pum,
259 2272 414 2351 spu-milri
425 2275 591 2353 prutitisti.
634 2274 694 2333 Sed
708 2281 813 2351 urgent
824 2272 979 2352 locumque
997 2272 1143 2331 residuum
1156 2292 1222 2351 pos·

123 2368 218 2428 talant
229 2385 298 2449 quae
310 2388 379 2428 cum
392 2370 422 2427 in
435 2369 508 2428 alios
520 2368 685 2438 contuleris,
700 2378 783 2427 tanto
803 2368 896 2445 magis
915 2369 945 2426 in
966 2387 1013 2426 me
1030 2367 1142 2427 collata
1161 2388 1223 2427 esse

118 2465 234 2545 judico,
247 2464 429 2544 quodetiam
450 2485 503 2543 pro
524 2464 590 2523 aliis
609 2484 681 2523 mere
702 2484 804 2544 preces
823 2463 986 2523 valuerunt.
1028 2464 1101 2529 Qua
1110 2465 1139 2521 in
1153 2483 1222 2523 con·

124 2560 246 2621 lenione
258 2561 391 2641 prolecto
403 2560 570 2631 subnotem,
584 2580 641 2619 non
660 2561 749 2621 modo
764 2580 801 2619 ne
813 2559 884 2618 mihi
894 2560 986 2639 possit
994 2580 1057 2619 esse
1068 2559 1222 2629 invidiosa,

123 2658 277 2719 sedetiam
291 2679 327 2717 ne
340 2658 436 2716 Tuam
449 2678 566 2737 quoque
581 2658 773 2736 Majeetatem
787 2658 927 2715 incessere
940 2654 1069 2715 audeant
1081 2656 1222 2723 homines,

125 2754 253 2833 quasiad
263 2752 463 2823 concedenda,
472 2773 538 2832 quae
546 2762 721 2833 peterentur,
732 2751 914 2830 aenuoineris
921 2750 1127 2828 indulgentior.
1146 2751 1222 2815 Qui·
1233 2747 1239 2755 ’

124 2851 176 2909 bns
187 2848 362 2929 respondeo,
369 2868 424 2907 me
436 2848 515 2907 haud
527 2848 616 2907 dubie
630 2866 787 2925 agnuscere
794 2857 826 2905 et
833 2846 930 2903 mirari
942 2843 1103 2904 bonitatem
1115 2843 1222 2915 Tuam,

125 2964 190 3023 quar
199 2946 309 3004 meritis
321 2945 394 3003 meis
407 2943 491 3021 longe
513 2946 626 3021 majora
647 2942 799 3008 tribuerit;
821 2940 874 2999 sed
887 2950 985 3001 tamen
998 2940 1065 3000 illos
1075 2941 1164 3001 ctiam
1177 2939 1222 2999 la·

126 3040 181 3099 cile
202 3040 328 3119 aqualia
348 3050 401 3098 eut
419 3040 532 3119 potiora
552 3040 767 3119 impetraturos,
781 3036 805 3094 si
818 3038 960 3116 respicere
971 3038 1074 3105 velint,
1088 3055 1155 3114 quae
1167 3055 1223 3112 ego

124 3136 246 3216 respexi.
289 3135 338 3194 At
357 3152 492 3213 quaenam
511 3136 567 3193 ista
587 3132 675 3193 suntl
696 3130 844 3199 Primum,
858 3131 978 3207 nequid
991 3140 1130 3209 peterem,
1143 3130 1223 3207 quod

123 3234 201 3293 inse
222 3254 282 3292 nou
301 3241 378 3291 meet
398 3250 532 3310 aequum:
563 3230 697 3299 alterum,
719 3248 767 3298 ne,
789 3226 869 3307 quod
889 3224 986 3285 officio
1009 3226 1222 3305 Majestatiqae

123 3328 271 3409 Principis
283 3347 357 3387 mear
371 3347 428 3387 non
441 3335 629 3404 congrueret:
652 3326 768 3385 tertium
781 3322 860 3383 illud.
869 3332 943 3392 erat,
964 3322 1044 3401 qued
1059 3343 1112 3402 per
1123 3322 1222 3383 omnia

122 3426 176 3484 ista
188 3424 356 3494 commoda,
377 3442 445 3503 quie
465 3423 530 3482 aliis
548 3423 712 3500 impetrari,
733 3441 771 3480 ne
783 3418 1011 3498 uniusquidem,
1025 3419 1106 3497 quod
1117 3420 1220 3492 sciam,

122 3522 199 3581 oboli
209 3522 308 3601 pretio
321 3520 417 3580 iectus
428 3540 492 3579 sum
513 3518 696 3600 locupletior.
739 3517 878 3577 Oetemm
898 3516 929 3574 in
948 3515 994 3573 bis
1005 3515 1156 3592 augustiis,
1169 3517 1221 3575 ubi

121 3619 250 3696 cogitare
264 3616 452 3696 pluraquam
465 3616 590 3674 seribere
603 3614 683 3683 licet,
698 3612 791 3672 multa
810 3611 932 3671 veniunt
949 3611 979 3669 in
994 3618 1132 3679 mentem,
1153 3630 1221 3688 quae
1256 3670 1262 3679 ,

121 3734 208 3791 cogor
216 3712 446 3792 praetermittere.
468 3711 541 3770 Hoc
548 3706 1221 3784 tamendicarn,medubitare,ntrumobpsrra

123 3808 274 3877 beneficia,
283 3827 351 3887 quse
360 3828 408 3865 me
421 3806 595 3885 deprecante
608 3804 774 3864 hominibus
785 3801 922 3871 tribuisti,
934 3820 972 3859 an
984 3800 1024 3857 ob
1036 3818 1142 3875 magna
1155 3798 1220 3877 plus

122 3899 189 3959 Tibi
201 3902 334 3963 debeam.
370 3900 456 3960 Nam
466 3910 498 3959 ut
511 3902 541 3959 in
552 3901 597 3959 his
610 3900 734 3979 pretium
747 3917 853 3966 rerum,
862 3898 904 3955 ita
916 3895 946 3953 in
958 3892 1017 3952 illis
1032 3893 1219 3955 humanitatis

123 4002 216 4077 majus
227 4010 281 4069 est,
295 3999 376 4079 quod
385 3988 1218 4077 animamarumquantolibetmsgnitudniscspaoenin

123 4096 472 4171 terdumadtamexigua
482 4092 631 4153 demisisti.
665 4091 784 4169 Regem
795 4088 883 4148 fuisse
891 4086 1067 4166 accepimus.
1079 4083 1143 4163 qui,
1153 4086 1218 4164 phi<

124 4191 240 4272 lusopbo
252 4202 373 4275 petente
386 4190 565 4260 drachmam,
578 4188 753 4250 conveniens
759 4187 816 4247 hoc
824 4183 1086 4262 Regimunusesse
1094 4199 1218 4257 negare<
1300 4196 1304 4203 ’
