2917 4767
233 350 318 415 140⁰
627 362 657 409 ι.
679 359 930 409 ιιιιιιιιειιιιιιιι

233 516 288 582 rit;
311 520 411 592 etque,
423 510 526 571 eodem
540 530 609 569 mox
625 518 741 590 petente
753 510 908 580 talentum,
921 509 1071 587 negaverit
1082 508 1326 570 bocoonreniens

233 631 295 671 esse
308 608 491 689 philosopho.
534 609 579 668 Tu
595 606 699 667 eodem
712 606 764 666 iiio
775 606 953 686 sopbiurnste
965 604 1199 684 magnificentius
1210 626 1265 665 nse
1276 624 1327 667 es:

233 708 262 767 in
275 706 384 786 putris,
401 723 468 783 quoe
481 724 527 763 me
547 702 665 763 deberet
684 704 817 783 occipere
836 702 1010 783 respicies„
1032 703 1062 761 in
1075 702 1246 780 majoribus,
1259 722 1328 783 qum

233 802 277 862 Te
289 802 369 861 dere.
399 795 480 878 Ergo
493 800 556 879 pori
567 799 724 859 elementis
736 810 768 859 et
779 800 946 859 miserorum
958 799 1230 878 uliquothominnm
1238 802 1328 879 (quos

233 900 273 960 ob
293 899 348 959 hoc
369 898 464 977 ipsum
483 890 551 955 Tibi
572 895 788 966 commendavi,
808 894 888 975 quod
904 896 975 974 quio
994 896 1091 955 miseri
1110 905 1205 966 erent,
1226 916 1328 955 eornm

233 1014 319 1055 neruo
332 993 532 1069 miserebatur)
546 992 673 1051 habuisti
685 992 846 1051 rationem:
867 999 899 1049 et
910 990 941 1049 id
953 989 1059 1060 fecisti,
1071 989 1153 1069 quod
1164 989 1263 1050 edituo
1276 990 1328 1049 rix

233 1090 360 1173 proferre
381 1088 488 1159 audeo,
509 1097 570 1148 tnm
581 1089 621 1149 ob
633 1086 862 1167 magnitudinem
881 1087 935 1156 rei,
955 1096 1019 1146 turn
1037 1088 1079 1146 ob
1097 1085 1329 1165 magnitudinem

140 1244 145 1251 .
233 1188 401 1267 grutiemm,
422 1204 497 1266 quos
506 1184 586 1255 Tibi,
608 1204 675 1245 oum
691 1184 817 1244 debeam
828 1182 1032 1263 amplissimus,
1053 1184 1084 1243 in
1106 1184 1262 1265 prasentia
1273 1184 1328 1243 mi.

233 1284 312 1343 nime
332 1302 448 1363 possrrm
469 1281 628 1360 explicere.
670 1281 729 1341 Sed
750 1279 880 1341 fortassis
891 1300 948 1359 ego
966 1300 1032 1339 urm
1051 1273 1178 1360 ineptis,
1198 1280 1250 1359 qui
1263 1278 1331 1340 Τιιι

233 1378 379 1439 benedicis
397 1387 496 1457 putem
517 1376 605 1437 uilius
619 1376 752 1437 orstione
772 1375 917 1445 disertius,
937 1394 1027 1455 quoru
1045 1374 1118 1434 Tuis
1129 1374 1217 1435 foetis
1232 1376 1330 1454 operi·

233 1474 345 1553 busque
358 1472 472 1532 iuudsri
484 1491 568 1552 posse
578 1492 586 1540 ;
609 1480 662 1531 out
679 1490 746 1531 mes
764 1490 850 1550 egere
862 1470 1128 1541 commendatione,
1149 1469 1230 1550 quod
1243 1470 1330 1530 Vnu-

233 1569 352 1647 gionum
377 1568 442 1627 urbi
467 1570 609 1647 mojorem
632 1567 777 1646 pecuniae,
803 1566 833 1625 in
859 1564 985 1625 militurn
1009 1565 1184 1645 stipendium
1208 1566 1329 1636 debite,

234 1672 346 1744 purtem
366 1662 588 1724 elementimime
608 1661 751 1724 remisisti.
786 1662 859 1728 Quo
873 1660 1019 1723 beneficio
1031 1671 1235 1723 eonsemtum
1246 1661 1331 1723 illurn

234 1778 296 1819 esse
317 1779 392 1829 reor,
413 1760 518 1819 etrite
538 1766 626 1838 utque
646 1758 750 1819 ordine
762 1758 918 1829 foemam,
938 1757 1024 1817 siTe
1044 1767 1186 1838 tnnqnurn
1206 1757 1331 1817 alterurn

233 1855 423 1916 oonditrioem
435 1874 528 1926 suom,
550 1855 579 1914 in
600 1874 687 1915 omne
699 1853 841 1935 deinceps
851 1874 958 1924 rerum,
979 1872 1069 1933 quum
1082 1854 1190 1933 poterit
1201 1853 1331 1934 exquisi-

233 1951 350 2011 tissimis
362 1951 521 2011 bonoribus
531 1948 689 2011 uniendum
706 1951 871 2011 arbitretur.
913 1948 1055 2011 Hubebis
1068 1951 1156 2028 igitur
1170 1959 1201 2009 et
1214 1950 1330 2029 vangt

234 2066 323 2107 onum
336 2046 577 2126 Rempublieum‚
591 2055 622 2105 et
633 2065 679 2105 me
692 2046 840 2123 privatim,
855 2045 886 2104 in
897 2054 1069 2124 perpetuum
1082 2045 1138 2105 bae
1150 2044 1332 2124 obligetioue

224 2140 396 2211 devinctos,
416 2151 448 2201 et
468 2142 498 2200 in
515 2140 639 2207 solidum
654 2138 783 2198 debendi
803 2158 877 2199 reos
919 2138 990 2198 Nee
1010 2140 1089 2199 euim
1101 2140 1199 2201 dieere
1210 2161 1331 2220 queem,

235 2244 299 2295 uter
317 2236 423 2312 mejeri
435 2236 503 2295 Tibi
514 2237 582 2314 jure
594 2235 694 2295 omnis
705 2234 824 2305 debent,
846 2252 914 2315 quae
932 2236 1049 2315 uoeepit
1065 2237 1122 2296 hoo
1142 2235 1331 2309 beneficium,

235 2350 274 2390 nn
286 2332 338 2411 qui
349 2332 525 2411 impetrarit.
559 2330 703 2390 Potestne
724 2329 822 2391 edbue
841 2350 990 2411 superesse
1003 2333 1173 2411 quiequam,
1193 2334 1273 2414 quod
1286 2334 1333 2396 his

234 2428 383 2497 omnibus,
393 2446 460 2507 quoe
472 2426 553 2488 diets
565 2435 642 2496 sunt,
654 2425 843 2507 aequsndum,
858 2435 910 2486 sut
922 2427 1013 2487 etium
1025 2428 1239 2507 preferendum
1247 2429 1331 2491 vide·

234 2524 321 2583 stur?
355 2522 411 2582 Est
422 2532 511 2584 certe.
553 2521 709 2582 Meliorem
724 2523 802 2583 enirn
821 2541 869 2582 rue
882 2521 979 2582 isoere
992 2524 1158 2603 promisisti,
1173 2544 1232 2585 nou
1243 2524 1333 2586 niodo

236 2628 270 2677 ut
288 2637 399 2690 omnes,
415 2618 531 2697 legibus
544 2618 749 2697 moribusque;
778 2638 875 2699 neque
896 2628 931 2678 ut
949 2618 1068 2690 multos,
1090 2621 1247 2702 exemplo:
1264 2622 1332 2694 sed,

235 2721 269 2773 ut
288 2714 432 2773 neminem
448 2713 545 2775 minue
566 2712 667 2785 olium,
688 2714 818 2794 quodum
837 2714 922 2794 qussi
937 2716 1129 2776 conraudi
1146 2716 1334 2779 solicitudine

235 2826 373 2889 curruque.
408 2809 597 2892 spopondisti
610 2828 737 2889 nemque
748 2830 864 2872 meeum
876 2811 1089 2892 inquisiturum,
1101 2814 1159 2873 boo
1171 2823 1334 2885 ostenten-

235 2924 343 2975 surnm,
357 2904 462 2983 quales
473 2915 607 2987 oporteat
619 2926 681 2966 esse
694 2908 772 2969 viros
785 2906 952 2987 pnrdentes,
966 2909 1131 2987 quibusque
1142 2910 1255 2988 posint
1266 2930 1335 2969 res·

234 3000 313 3079 tipiis
325 3000 514 3082 deprehendi.
554 3002 628 3063 Hoo
648 3012 746 3065 eutem
765 3024 834 3065 enm
853 3003 996 3073 didioero,
1008 3003 1102 3062 multo
1114 3023 1161 3061 me
1174 3025 1264 3081 qoem
1276 3006 1333 3065 sirn

236 3098 266 3156 in
279 3099 433 3179 proesentis
452 3099 599 3161 meliorem
619 3098 681 3160 fore
695 3099 826 3162 confido.
865 3096 951 3158 Istud
966 3097 1054 3174 igitur
1069 3096 1242 3175 promimr
1256 3102 1335 3161 tenti

234 3192 329 3255 fucis?
359 3196 482 3273 inquies.
523 3194 623 3265 Tanti,
652 3196 823 3263 Domus,
846 3202 882 3253 ut
904 3191 998 3251 istisne
1021 3190 1201 3268 obligatione
1228 3192 1273 3253 Te
1295 3216 1333 3256 ne

236 3290 317 3368 regni
338 3288 458 3367 quiden
478 3298 601 3368 soeepte
622 3297 704 3367 perte
725 3288 844 3369 cupium
864 3288 999 3348 uberum.
1041 3287 1152 3367 Neque
1167 3308 1238 3349 vero
1250 3291 1331 3363 Tibi,

236 3382 480 3463 quandocumque
495 3384 628 3463 jusseris,
650 3394 778 3446 mentem
798 3383 881 3443 illem
906 3383 986 3443 reris
1007 3382 1151 3463 ebrioque
1172 3387 1336 3449 mtionibus

236 3480 398 3560 approbem
412 3477 540 3558 defugio.
582 3479 687 3559 Atque
699 3480 756 3540 hoo
776 3479 844 3539 'libi
866 3487 1003 3559 presure
1022 3499 1118 3560 neque
1139 3481 1333 3560 injucundum

225 3576 301 3645 erit,
317 3584 351 3635 ut
362 3575 499 3653 eonjieio,
520 3594 615 3655 nsque
628 3574 758 3648 difficile,
779 3596 847 3655 quae
867 3575 907 3635 od
925 3576 990 3654 ejus
1009 3575 1170 3656 prudentie
1182 3577 1333 3656 fusn'gium

236 3672 363 3741 eniteris,
384 3671 502 3750 quniem
515 3671 591 3733 inter
604 3690 669 3743 eos,
681 3673 733 3752 qni
747 3672 851 3733 volunt
870 3671 976 3733 emditi
994 3672 1099 3744 videti,
1121 3673 1237 3734 foeiiius
1249 3675 1333 3737 inre·

237 3769 311 3838 uias,
333 3768 384 3847 qui
403 3767 543 3839 doueunt,
561 3754 651 3848 quom
663 3769 715 3848 qui
728 3769 873 3830 neverint.
913 3766 987 3829 Hae
1001 3769 1088 3847 igion
1107 3788 1139 3830 re
1151 3770 1255 3853 merito
1267 3769 1332 3848 gio·

238 3865 306 3935 rior,
320 3884 381 3945 que
393 3884 450 3925 non
464 3862 539 3927 ulios
550 3864 638 3927 modo
652 3866 801 3927 boninum
820 3865 961 3926 felicitate
974 3864 1075 3925 videor
1087 3865 1265 3944 supergredi,
1279 3864 1331 3925 sed

239 3956 406 4023 Sdomonis
427 3962 516 4021 etium
542 3961 700 4033 minimos,
724 3982 799 4042 quos
818 3962 858 4023 ob
885 3960 1016 4022 tuditem
1041 3960 1137 4039 Regis
1157 3960 1332 4041 sapientium

237 4058 340 4117 merito
360 4058 463 4118 beatos
482 4058 634 4139 proediosri
649 4058 754 4130 sentio,
766 4058 914 4120 beatiores
932 4067 1032 4136 tumen
1052 4056 1176 4127 futuros,
1197 4058 1223 4115 si
1241 4056 1334 4117 etim

237 4152 606 4237 peculisriqundumoure,
620 4153 766 4237 quodnou
779 4154 897 4236 ieg'uur,
910 4151 1333 4235 instituereipsosoeedooere
