2917 4767
258 414 346 481 1996
720 425 756 475 r.
781 424 876 475 urvrr

254 578 342 641 inter
363 570 497 636 dolores
519 568 731 653 gemitusque
756 564 952 632 occurrere.'’
997 566 1148 633 Maxime
1174 568 1299 635 auimo
1320 578 1373 653 ty·

254 676 350 741 rauni
372 670 530 737 credibile
552 669 712 734 indicium
726 668 860 733 Thraso
876 667 1060 734 nominatus
1083 670 1176 734 feeit.
1226 670 1290 737 Ita
1309 690 1373 735 ex·

255 774 382 859 templo
399 770 574 837 traditur¹⁸
594 769 637 834 ad
659 769 886 854 supplicium:
909 770 1097 855 adjectique
1117 791 1234 855 poenae
1261 774 1372 836 ceteri

250 878 352 963 juxta
364 878 544 940 insontes·
587 872 812 937 Gouseiorum
828 890 940 949 nemo,
962 888 1040 937 eum
1059 872 1117 936 diu
1141 874 1267 938 socius
1283 893 1372 939 con-

255 979 324 1045 silii
339 982 556 1060 torqueretur,
574 979 634 1039 aut
651 972 759 1048 latuit,
779 977 839 1036 aut
855 973 950 1055 fugit.
994 972 1139 1038 Tantum
1159 976 1231 1039 illis
1247 980 1283 1039 in
1300 976 1372 1039 vir-

166 1107 169 1113 ·
256 1086 330 1145 tute
340 1098 381 1143 aa
392 1077 459 1141 tide
469 1074 638 1140 Theodoti
650 1072 785 1137 fiduciae
795 1074 875 1137 suit:
893 1078 1087 1157 tantumque
1099 1076 1168 1159 ipsi
1178 1075 1370 1142 Theodoto

256 1183 377 1249 uirium
392 1178 436 1243 ad
450 1194 574 1241 arcana
589 1174 804 1239 occultanda.

299 1283 333 1346 6.
355 1281 421 1356 lta,
448 1276 536 1361 quod
553 1295 654 1340 uuum
679 1276 850 1341 vinculum
863 1285 889 1328 ¹⁹
911 1297 986 1342 oum
1003 1274 1170 1341 Romanis
1186 1278 1369 1343 societatis

257 1380 335 1460 erat,
354 1380 526 1445 Thrasone
547 1378 718 1442 sublatae
739 1378 876 1456 medio,¹¹
899 1379 1069 1462 extemplo
1085 1377 1177 1442 baud
1200 1378 1306 1444 dubie
1320 1381 1368 1443 ad

257 1482 474 1547 defectionem
483 1498 536 1543 res
545 1481 743 1562 spectabat;
757 1479 927 1563 legatique
939 1480 982 1544 ad
994 1479 1228 1543 Hannibalem
1242 1481 1367 1557 missi:

258 1604 299 1649 uc
313 1581 446 1649 remissi
461 1581 505 1645 ab
520 1600 562 1645 eo
576 1600 652 1645 oum
663 1580 870 1659 Hannibale,
887 1580 993 1647 nobili
1008 1578 1256 1661 adolescente*
1275 1580 1366 1665 Hip-

290 1788 310 1813 ⁸
329 1780 425 1842 Reliqui
435 1792 500 1841 cyse
509 1778 603 1826 insacis'
612 1776 691 1826 additi
700 1782 757 1826 suat
770 1776 895 1835 Tlrusosi,
906 1782 928 1825 rt
941 1776 1055 1839 supplicio
1066 1775 1160 1837 pariter
1171 1774 1274 1825 adelini.

291 1853 306 1877 ⁸
322 1845 419 1892 Mortuo
430 1843 558 1893 rumne.
572 1841 639 1901 rsjss
647 1843 720 1891 salius
729 1856 802 1905 opera
820 1843 884 1893 aelst
900 1842 993 1891 oiscsta
1007 1843 1107 1904 yssdass
1122 1840 1258 1889 aabaenbst
1268 1838 1366 1889 suasu

262 1909 465 1974 Syracusanorum
474 1920 528 1955 curs
540 1904 662 1956 Romanis.

259 2161 363 2210 sbsuut.
395 2160 480 2209 ‘'l'ris
498 2160 555 2208 baec
574 2160 654 2207 verbs
671 2160 728 2207 lade
744 2172 784 2207 aas
802 2158 908 2207 amau
924 2158 1060 2209 sbsnntsb
1072 2156 1139 2208 lidd.
1152 2164 1271 2208 recentt.
1282 2158 1367 2208 indes

261 2226 344 2275 Gron.
354 2232 382 2274 et
392 2224 509 2273 omnibus
518 2237 582 2285 quos
592 2222 708 2271 norimus
720 2222 785 2271 Mss.
819 2222 883 2271 Cum
896 2232 983 2273 sutem
995 2238 1046 2274 uon
1064 2238 1096 2271 ex
1108 2224 1268 2285 conjecturs
1278 2222 1367 2278 varta.

261 2297 290 2337 ut
308 2291 368 2343 atis,
387 2290 451 2347 sint,
467 2286 590 2349 credique
607 2286 646 2335 iss
657 2287 690 2336 sit
701 2285 837 2335 Editiones
850 2288 982 2350 principes
993 2302 1025 2338 es
1037 2304 1069 2337 es
1080 2287 1146 2336 blus.
1156 2286 1288 2342 bsnsisse.
1298 2287 1367 2335 deni·

260 2366 311 2413 que
323 2353 453 2401 sententis
462 2351 504 2399 six
513 2358 583 2398 stare
595 2353 686 2413 possit,
694 2350 879 2414 verborumque
887 2352 943 2401 sine
952 2352 991 2401 bis
999 2350 1158 2402 constructio
1167 2351 1369 2415 impeditissima

262 2416 307 2473 sit,
318 2430 349 2465 es
361 2413 481 2463 serrari)
498 2413 655 2462 Stroth-18
671 2414 749 2463 Cou'.
762 2414 849 2463 Bauer
859 2416 974 2465 trabitur.

293 2484 327 2529 1⁰
343 2477 703 2543 ltsyssyssdsssseaiseslsss
742 2492 830 2528 runos.
863 2478 949 2543 ltuase
964 2478 1238 2530 attaminandum·
1251 2479 1367 2531 Graues.

760 2590 868 2641 NO'l'AE

261 2686 372 2751 num]
396 2683 620 2737 Quemadmodum
643 2699 659 2733 s
681 2682 791 2747 pedibus
832 2699 939 2737 rsunnm
954 2693 984 2738 ut
1002 2701 1090 2740 verum
1108 2688 1233 2739 crederet
1253 2690 1315 2738 torti
1332 2690 1368 2738 in·

263 2762 341 2811 slicni
352 2775 411 2811 esse
421 2759 546 2809 dicautur
556 2759 715 2822 pedissequi,
733 2767 760 2809 ct
778 2772 793 2806 s
833 2762 938 2823 dicium,
954 2764 999 2813 ubi
1014 2766 1171 2814 ‘l'orssonem
1183 2764 1315 2813 nominari
1326 2778 1369 2813 su·

262 2836 372 2885 secretis
383 2835 477 2898 quibas
488 2841 593 2883 secreta
608 2834 713 2897 negotis
723 2848 794 2884 cour·
833 2836 909 2887 divit.

263 2912 422 2971 mittuntur3
438 2911 475 2959 tes
490 2925 506 2958 a
521 2910 598 2958 latare
608 2908 740 2966 dicuntur,
751 2911 794 2973 qui
866 2912 880 2947 δ
897 2914 1003 2969 Quorsus
1021 2914 1226 2977 capusuitissirsa
1240 2948 1247 2965 .
1259 2948 1266 2963 .
1276 2930 1370 2965 ηοω·

263 2984 424 3052 principibus
435 2983 574 3033 familiares
582 2998 703 3035 eorumve
715 2986 795 3034 satcl·
835 2990 898 3051 rere]
911 2988 971 3039 Non
983 2989 1046 3041 dicit
1054 2990 1099 3041 bos
1110 2992 1226 3041 homines
1238 2992 1369 3041 vilissime

203 3072 207 3076 ’
264 3060 334 3109 lites.
360 3057 797 3122 Vulyobicediturnest,abloters
836 3077 926 3114 resera
943 3065 1098 3115 conditionis
1116 3064 1266 3129 luisse‚sed
1280 3067 1370 3116 vilissi-

263 3134 369 3184 s'sdecas
384 3135 490 3183 aornim
509 3134 614 3197 auaui.
645 3134 697 3184 Sed
717 3136 795 3185 verbs
836 3138 979 3188 mababits
990 3139 1069 3189 luisse
1080 3141 1164 3190 innuit
1175 3141 1298 3192 iudiciex
1310 3142 1369 3191 odio

264 3210 371 3258 isdem
388 3209 494 3258 rorabat
512 3208 607 3260 absunt
628 3224 645 3258 s
665 3212 796 3275 plerisque
837 3214 941 3277 tyranni
964 3216 1148 3281 vitiorumque,
1167 3218 1265 3281 quibas
1285 3220 1368 3281 ipsum

264 3284 348 3335 libris.
379 3284 414 3335 Et
429 3286 584 3346 interposite
600 3286 749 3348 parenthesi
767 3286 797 3352 (s
837 3288 996 3339 imbuebant.

265 3374 330 3411 soca
350 3360 466 3410 audiemus
486 3359 518 3408 sd
538 3360 650 3423 muros)
684 3361 795 3425 intelligi
868 3374 880 3400 ⁶
903 3366 1037 3431 Legatiyss
1055 3369 1087 3417 sd
1109 3368 1271 3420 Hannibalern
1291 3368 1370 3431 ssissr]

266 3442 356 3500 potest
374 3434 522 3485 'l'beodotns
538 3436 689 3487 indicimus
708 3439 796 3502 conjo-
838 3440 874 3489 Hi
892 3440 983 3503 legati,
995 3441 1028 3490 sb
1045 3438 1206 3505 Hieronymo
1219 3443 1252 3491 sd
1270 3442 1370 3492 Hauni-

267 3512 333 3559 rstis
343 3511 470 3559 avertisse
480 3508 512 3559 sd
530 3511 655 3570 insontes,
666 3513 710 3576 qui
722 3519 798 3562 erant
838 3514 922 3563 belem
935 3515 1015 3574 missi,
1033 3515 1105 3565 sucre
1125 3517 1274 3579 Polyclitus
1291 3520 1368 3581 Cyre·

268 3589 301 3638 sb
312 3591 396 3638 latere
408 3589 520 3651 tyrsnni,
531 3597 630 3653 etquos
642 3592 752 3655 perinde
766 3606 797 3643 ec
838 3601 909 3636 uuus
930 3596 958 3637 et
979 3588 1146 3639 Philodemus
1168 3590 1300 3653 Argivus:
1325 3593 1368 3655 qni

268 3673 405 3728 tyranuum
432 3664 524 3714 oderat
551 3666 595 3728 qui
616 3666 796 3731 torquebatur.
838 3662 912 3711 snrbo
930 3672 1106 3714 memorantur
1125 3678 1140 3713 s
1160 3666 1217 3715 Lis.
1236 3666 1285 3716 lib.
1304 3680 1368 3717 xur-

267 3739 365 3789 Verum
376 3746 403 3788 ct
415 3738 482 3789 eitra
500 3740 685 3802 parenthesim,
703 3742 742 3791 sic
752 3756 796 3791 ex·
837 3753 861 3788 e.
871 3744 912 3787 2⁵.

268 3814 409 3878 plicabitur
420 3814 460 3863 bic
469 3815 550 3871 loeus,
563 3815 583 3865 si
594 3814 720 3881 dicamus,
728 3816 797 3866 inter
869 3813 881 3849 ‘¹
899 3816 959 3864 Cen
970 3814 1118 3876 Hannibale,
1128 3814 1201 3865 nobili
1211 3818 1369 3883 adobscssts]

268 3905 313 3941 eos
325 3905 389 3954 quos
401 3904 416 3938 e
427 3904 532 3939 nurnero
543 3891 743 3940 domesticorum
758 3899 797 3955 ty·
838 3888 874 3939 Hi
887 3904 937 3938 uon
953 3890 986 3939 ab
1003 3888 1164 3953 Hieronymo
1182 3890 1214 3940 sd
1236 3892 1368 3945 Hanniba·

268 3964 506 4029 reuni,‘lbeodotus
517 3964 631 4027 fingebat
643 3965 798 4029 conjurasse,
837 3966 889 4014 lom
901 3966 980 4020 missi,
992 3974 1020 4015 ut
1031 3980 1156 4016 censuere
1164 3967 1236 4017 Glsr.
1244 3976 1273 4017 et
1281 3971 1369 4034 Sigon.

269 4049 297 4089 et
317 4054 425 4105 quorum
443 4040 546 4089 uomlas
568 4050 688 4105 tauquam
708 4040 797 4090 vilissi·
838 4040 884 4090 sed
907 4040 1122 4105 quemadmodum
1150 4050 1224 4091 reete
1253 4042 1369 4095 Gronov.

268 4130 367 4165 morum
377 4116 492 4179 cupitum
503 4116 527 4164 ei
538 4114 712 4165 occurrebant
729 4116 797 4165 iuter
838 4116 969 4181 observst,
981 4118 1015 4167 ab
1028 4116 1175 4167 Hannibale
1186 4118 1259 4169 missi
1272 4121 1307 4170 sd
1325 4122 1368 4172 lli·

269 4199 409 4255 tormenta,
430 4190 540 4241 maxime
562 4202 657 4242 uratum
680 4206 738 4243 esse
761 4200 799 4257 ty·
840 4206 1001 4257 erouymnm,
1020 4192 1087 4259 quod
1107 4206 1140 4243 es
1160 4192 1272 4259 Polybio
1290 4204 1369 4261 patet.
