2917 4767
224 360 311 429 14⁵2
699 372 736 427 τ.
760 372 856 424 urvrt

428 522 478 583 bd.
500 518 588 581 'leur
600 538 681 592 veru,
701 518 774 599 quid
790 518 919 579 lirurrum
938 493 1093 588 comui
1113 514 1235 595 vulgata
1254 516 1337 580 ieme
1443 495 1444 498 Ἴ

389 616 588 697 (nequeenim
599 615 690 677 celeri
710 615 832 696 peterit)
853 613 1050 693 magisuatus,
1065 612 1118 691 qui
1131 629 1243 672 murum
1255 614 1340 693 opud

388 730 441 772 uus
452 710 656 792 praefecturism
670 710 851 792 amplissima
861 728 930 769 cum
942 716 1086 790 potestate
1098 717 1248 779 exercent,
1261 728 1340 789 quus
1444 707 1445 764 l

385 825 518 867 ceumres
531 804 723 887 appellamus,
737 824 791 884 pru
797 807 867 883 jure
880 824 945 874 erro,
962 822 1022 882 quo
1034 804 1066 861 in
1077 802 1187 863 civium
1200 802 1279 863 vitus
1291 804 1341 863 in·

385 902 511 980 quirere,
524 910 556 960 et
566 920 587 962 a
599 901 701 981 petriis
712 901 852 959 indum
862 898 1047 960 discedentes
1057 896 1200 958 mulctare
1213 918 1341 958 conme-

386 1005 501 1069 rerunt,
522 1016 570 1056 me
591 994 710 1076 publice
731 996 855 1056 citatum
874 1012 996 1059 causum
1011 1000 1164 1073 ceptorum
1183 1013 1342 1053 munerum

386 1089 483 1151 dicere
491 1092 632 1169 jusserint
639 1090 661 1149 l’
680 1088 810 1150 Addunt
822 1090 954 1170 plerique
966 1088 1126 1171 ulerrbm
1136 1089 1231 1147 vuum
1243 1089 1340 1149 virtu-

386 1185 425 1245 tis
436 1194 527 1246 tante
547 1186 696 1265 quantivis
721 1186 797 1245 bene
818 1186 878 1245 emi
896 1192 989 1256 certo,
1009 1184 1108 1245 scrius
1126 1186 1343 1245 continentiam

386 1282 452 1359 ejus
470 1282 722 1359 numantiamque
742 1288 886 1340 tentatam
906 1299 980 1351 esse,
1002 1287 1069 1359 pust
1094 1277 1155 1338 elia
1178 1278 1344 1357 magnifice

242 1373 343 1439 ΕΜΡ·
360 1374 377 1425 ¹·
388 1375 540 1453 promisse,
565 1375 655 1435 etiam
675 1382 760 1454 parte
780 1375 862 1453 regni
881 1374 1003 1436 oblata:
1033 1392 1128 1453 neque
1142 1380 1255 1433 mutum
1276 1394 1342 1432 esse

226 1450 300 1549 usq„
327 1502 336 1550 Ι
357 1514 365 1547 ,
388 1467 570 1542 Romanum,
583 1470 638 1529 uisi
652 1468 804 1540 hacteuus,
817 1478 852 1528 nt
863 1477 872 1505 ⁴
882 1490 914 1529 se
925 1468 1271 1545 consiliiregiirationem
1284 1488 1342 1527 ex-

226 1579 249 1615 t·
263 1534 309 1615 ¹8:
337 1534 345 1553 ⁸
369 1534 504 1642 ⁸pudire’
532 1571 661 1642 negaret.
702 1562 762 1623 ‘Si
782 1565 861 1633 enim
881 1563 994 1624 malum
1012 1582 1060 1622 me
1079 1563 1174 1623 virum
1195 1562 1343 1639 judicos:

226 1626 377 1743 ,ssff‘ffiffi
388 1658 493 1737 iuquit,
507 1666 580 1719 ‘cur
593 1659 707 1719 embisl
727 1659 773 1719 siu
785 1675 855 1720 veru
865 1660 1046 1729 bunum,cur
1056 1657 1218 1737 corrumpis
1226 1658 1248 1715 l'
1268 1656 1341 1716 Ad-

226 1759 270 1805 ⁸⁶·
382 1753 489 1830 jecisse
510 1752 617 1814 deiude
638 1748 756 1824 dicitu,
770 1762 779 1790 ‘
792 1754 883 1842 etiam
906 1755 962 1834 ipsi
982 1754 1102 1833 Pyrrho
1119 1752 1267 1831 negotium
1281 1753 1342 1813 boc

224 1818 332 1946 {⁰1:¹3¹ss
337 1895 368 1946 „p
388 1865 482 1926 neque
489 1848 655 1926 jucundum
667 1848 808 1921 futurum,
821 1868 916 1925 neque
936 1846 1135 1916 conducibile,
1146 1848 1171 1905 si
1184 1848 1341 1926 proces&-

224 1917 377 2021 furantur:
387 1950 448 2003 set:
469 1961 552 2003 suum
573 1944 651 2003 euim
673 1943 837 2004 libertatem
857 1952 889 2001 et
909 1942 1013 2001 umicis
1032 1942 1130 2019 regiis,
1149 1950 1181 2001 et
1199 1942 1255 2021 ipsi
1276 1944 1341 2021 regi

224 2008 328 2137 effide,
336 2024 377 2123 ᾖ
388 2056 506 2115 gravem
518 2036 664 2097 futuram:
680 2038 829 2116 justitium
840 2045 940 2095 autem
959 2045 991 2095 et
1005 2036 1212 2096 abstinentiam
1223 2038 1250 2096 si
1263 2036 1339 2117 Epi-

388 2140 460 2191 rutae
485 2134 600 2211 experti
625 2131 733 2201 iurent,
754 2132 858 2191 relicto
877 2150 946 2209 rege
968 2131 1124 2210 adipsum
1148 2133 1341 2193 tranum?

389 2224 468 2291 Qum
487 2226 596 2295 omnia,
610 2235 641 2285 et
662 2224 744 2304 quud
765 2225 906 2305 deinceps
925 2225 1095 2303 adjecturus
1108 2246 1184 2295 urm,
1196 2228 1287 2285 seriis
1298 2229 1340 2287 ab

317 2316 320 2321 ’
385 2318 553 2376 auctoribus
572 2318 692 2386 tradita,
714 2319 847 2396 conquiri
867 2320 1035 2396 exponique
1056 2337 1114 2377 nou
1132 2319 1340 2381 inconveniens

386 2429 441 2471 nec
453 2410 555 2470 inutile
563 2409 717 2487 judicavi;
741 2430 802 2489 quu
821 2410 960 2483 suorum,
980 2413 1087 2489 quibus
1105 2411 1182 2473 fulta
1201 2434 1248 2473 res
1270 2413 1339 2475 Ru-

387 2524 476 2565 mana
489 2524 541 2585 per
551 2504 719 2565 durisimus
729 2525 815 2567 cesus
826 2506 866 2566 ud
883 2506 994 2586 imperii
1011 2506 1169 2586 gloriaeque
1185 2510 1337 2589 incompe-

387 2599 509 2660 rabilem
529 2599 759 2677 magnitudinem
779 2602 922 2681 perreuit,
948 2601 1037 2661 animi
1057 2622 1214 2681 sensusque
1234 2624 1338 2665 nowe-

386 2702 502 2773 reuturr
532 2693 670 2776 claroque
689 2697 746 2757 sub
764 2695 902 2775 exemplu
926 2695 1043 2755 saudim
1061 2696 1338 2777 deprehenderetur,

358 2792 361 2799 '
387 2790 494 2869 quibus
514 2791 643 2852 muribus
664 2791 781 2852 studere
801 2800 937 2872 oporteat
956 2790 1143 2853 admirationi
1156 2792 1270 2853 futuroe
1282 2796 1335 2855 bo-

387 2886 490 2956 mines,
504 2888 702 2967 majoremque
714 2885 906 2947 cimeliorum
920 2885 1112 2947 meditantes
1124 2890 1247 2968 posteris
1259 2909 1335 2949 rem·

387 2980 547 3059 publicam,
560 3000 652 3060 quem
664 3001 684 3042 e
696 2981 855 3059 majoribus
866 2982 922 3062 ipsi
934 2983 1124 3062 accepissent.

241 3082 307 3133 Plus.
339 3082 365 3131 lu
427 3080 477 3136 26.
500 3074 596 3154 Igitur
609 3077 655 3136 his
673 3076 717 3136 ita
732 3076 820 3135 dicu's
835 3077 1000 3156 auditisque
1015 3097 1115 3156 regem
1136 3078 1166 3137 ln
1179 3080 1335 3157 presentie

224 3147 323 3214 pm,
331 3150 375 3199 ⁴⁸·
386 3168 505 3248 quidem
518 3172 662 3248 quievisse
684 3171 867 3250 accepimus:
888 3172 1026 3252 postridie
1046 3192 1116 3234 reru
1136 3174 1237 3233 vocari
1249 3172 1290 3232 ed
1302 3192 1335 3232 se

388 3264 557 3325 Fabricium
564 3264 697 3342 jussisse,
710 3272 815 3343 paratu
827 3274 896 3325 ente
909 3265 948 3326 ud
964 3267 1182 3348 perterreudum
1193 3288 1261 3327 eum
1273 3267 1334 3327 ele-

388 3357 510 3437 phante,
530 3357 583 3436 qui
598 3376 618 3415 a
638 3365 720 3435 tergo
740 3359 971 3439 colloquentium
991 3372 1058 3441 post
1076 3362 1203 3422 culmum
1223 3372 1335 3435 umens,

387 3450 516 3527 magistri
536 3451 668 3531 imperio,
688 3462 807 3533 repente
827 3453 949 3516 diducto
970 3456 1076 3527 uulreu,
1097 3477 1184 3537 super
1204 3456 1334 3517 Fabricii

386 3554 477 3624 cuput
496 3545 614 3606 demisit
631 3566 762 3618 menum,
781 3548 1014 3631 horrendumque
1033 3550 1186 3611 stridorem
1197 3561 1229 3610 et
1242 3552 1332 3611 barri·

385 3648 448 3699 tum
460 3640 563 3714 edidit.
605 3640 665 3703 Sed
678 3642 724 3703 vir
737 3644 838 3723 ingens
849 3646 950 3715 animi,
962 3665 1029 3706 cum
1048 3646 1155 3705 sensim
1167 3665 1200 3705 se
1210 3664 1332 3707 couver-

385 3735 478 3808 tisset,
492 3735 631 3808 arridens,
645 3746 654 3774 ⁴
669 3735 781 3818 Neque
794 3739 856 3800 lreri
868 3760 916 3799 me
924 3748 1117 3799 aurumtuurn
1130 3736 1274 3819 pellexit,’
1288 3741 1332 3800 in·

384 3832 460 3910 quit,
489 3840 607 3911 ‘neque
633 3832 720 3893 hodie
747 3834 945 3914 perterrefecit
963 3833 1084 3893 bellus?
1125 3833 1244 3894 Deinde
1263 3854 1331 3895 cum

385 3926 519 3987 edmum
531 3946 622 3989 coeuae
634 3927 672 3987 de
688 3926 805 3987 Gruecis
818 3928 999 4007 sapientibus
1012 3928 1200 3989 diuorum
1216 3928 1332 3989 uudiret

240 4026 294 4103 cte.
317 4026 374 4080 cst.
386 4015 529 4082 Cineam:
551 4031 560 4059 ‘
575 4023 682 4101 quibus
695 4022 816 4102 Epicuri
831 4032 912 4083 secte
926 4022 1067 4104 placeret,
1082 4042 1133 4082 eos
1147 4023 1330 4104 voluptatem

222 4092 335 4207 w
387 4115 416 4174 a
430 4136 496 4177 nee
510 4118 662 4188 sonorum.
675 4116 845 4198 armenes
863 4136 965 4177 cum
985 4119 1061 4177 inor
1074 4118 1224 4197 precipua
1236 4117 1329 4177 rerer.

387 4211 456 4271 tatis
470 4211 676 4291 impedimentis
697 4232 822 4293 ponere:
842 4212 1024 4292 similemque
1039 4213 1131 4273 ritem
1146 4232 1231 4290 agene
1249 4211 1331 4273 Deos
