2917 4767
214 350 299 419 luas
688 362 722 416 u:
747 362 843 415 nitu
903 362 909 371 ’
1034 364 1040 385 ¹

379 512 455 571 inter
467 508 608 591 oppidum
622 518 797 589 portumque
810 500 908 568 medio
919 507 1010 567 ierme
1019 510 1117 587 spatio
1133 508 1222 569 situm
1233 526 1331 571 occu·

376 624 504 686 parere:
525 626 585 685 quo
595 605 674 665 iacto
686 607 734 675 iis,
744 605 796 684 qui
809 604 881 663 urbe
893 603 1013 663 bremt
1027 606 1145 681 egrsmi,
1159 605 1276 665 reditus
1291 604 1336 665 ad

376 720 442 761 eam
456 700 676 761 occludebatur.
739 736 743 743 ·

415 802 466 857 61.
488 795 667 865 Demetrius,
681 793 886 855 animadverso
901 794 974 874 quid
986 793 1080 864 lieret,
1103 792 1261 853 consilium
1276 814 1334 853 oe-

375 892 431 971 pit,
444 899 478 950 ut
490 891 519 950 iu
532 899 594 950 tam
608 891 732 970 ancipiti
745 889 889 969 periculo,
903 910 962 949 non
975 888 1182 970 spernendum.
1206 889 1335 949 Omine

375 986 452 1045 enim
465 987 601 1065 prasenti
614 986 784 1056 certamine,
797 987 1000 1065 revocatisque
1009 985 1080 1055 suis,
1102 983 1194 1043 ‘Viri
1212 984 1333 1054 fortes,’
1449 1021 1450 1030 κ

376 1082 481 1161 inquit,
503 1090 656 1162 ‘apparet
670 1083 808 1142 virtutem
825 1090 953 1141 nostram
966 1079 1097 1140 hostibus
1107 1079 1332 1141 formidnbilem

375 1198 454 1237 esse:
475 1196 543 1237 nam
564 1176 603 1237 ad
623 1177 708 1237 dolos
720 1178 853 1238 conversi
866 1175 993 1237 intentur
1004 1196 1037 1236 se
1048 1177 1161 1236 viribus
1175 1177 1331 1257 armisque

374 1271 514 1333 diffidere.
569 1270 662 1333 Furto
689 1272 782 1332 noctis
804 1272 848 1331 usi
868 1273 946 1332 hanc
968 1274 999 1331 in
1024 1281 1132 1331 terram
1157 1272 1328 1351 irrepsere:

376 1367 466 1439 unde,
479 1369 504 1426 si
525 1369 599 1427 bene
620 1387 673 1427 vos
686 1368 764 1437 novi,
778 1368 946 1428 retinebunt
957 1368 1030 1427 nibil
1052 1368 1107 1427 nisi
1122 1366 1204 1446 quod
1216 1386 1333 1448 corpoff

376 1463 457 1522 ribus
467 1471 576 1541 tegent,
590 1464 688 1522 anime
699 1473 821 1524 summ.
863 1463 928 1523 Vos
940 1462 1040 1535 mmo,
1054 1462 1160 1523 Pharii
1170 1464 1242 1533 mei,
1257 1484 1329 1523 ros-

374 1578 432 1637 que
452 1560 531 1617 omni
545 1577 583 1618 ex
606 1556 732 1639 Illyrico
754 1558 872 1619 delecta
886 1561 1041 1638 juventus,
1064 1557 1112 1617 rel
1135 1558 1253 1637 patriae,
1273 1558 1327 1619 rel

223 1690 241 1715 ·.·
373 1654 474 1733 gloria
493 1664 598 1716 vestre
622 1674 775 1726 memores,
796 1653 940 1715 ostendite
964 1652 1123 1724 Rommis,
1141 1673 1241 1733 neque
1262 1674 1328 1713 sun

235 1820 238 1833 ¹
337 1768 342 1781 ·
372 1748 561 1822 fortitudinis,
575 1770 671 1830 neque
684 1759 791 1810 nostrat
804 1749 1015 1811 imbecillitatis
1023 1746 1123 1819 iubas,
1136 1750 1326 1829 quodsemel

245 1830 249 1845 '
372 1843 410 1904 de
432 1845 546 1927 Illyriis
566 1846 675 1908 Rome
695 1847 906 1926 triumphatum
931 1853 985 1904 est
1038 1844 1112 1905 Non
1138 1844 1267 1905 Fulvius
1287 1866 1326 1905 so

372 1948 514 2021 tempore,
533 1952 585 2003 aut
607 1942 780 2003 Postumius
802 1940 925 2021 Illyrios
942 1938 1074 2006 consiliis
1092 1948 1124 2000 et
1144 1942 1247 2011 umis,
1269 1940 1326 2001 scd

371 2035 558 2115 impotentia,
571 2037 623 2096 sed
636 2039 802 2097 temeritate
813 2055 869 2096 saa
879 2034 977 2095 Teuta
988 2036 1070 2095 vicit.
1112 2034 1225 2115 Neque
1236 2038 1323 2115 igno-

371 2130 451 2201 ratis,
466 2141 500 2191 ut
522 2131 561 2191 de
585 2132 651 2191 aliis
671 2140 799 2202 mosam,
818 2132 933 2191 nonita
952 2130 1112 2210 proclivem
1132 2131 1179 2190 illi
1189 2132 1323 2193 lutum

370 2221 458 2283 fuisse
480 2226 644 2296 victoriam,
658 2226 683 2285 si
702 2244 750 2285 mc
762 2225 944 2287 defensorem
955 2226 1054 2306 potius
1065 2246 1156 2307 quam
1167 2226 1323 2290 inimicum

270 2320 276 2335 '
372 2317 480 2381 habore
493 2318 589 2381 Teuta
601 2320 761 2381 maluisset.
803 2320 918 2381 Verum
930 2322 1090 2393 enimvero,
1102 2330 1134 2381 ot
1150 2324 1225 2403 quia
1235 2324 1324 2383 robis

370 2416 513 2496 praeclaro
525 2414 654 2485 conlido,
668 2424 699 2475 et
711 2416 782 2495 quia
794 2415 875 2476 lacta
887 2416 1087 2496 potiusquam
1098 2417 1189 2476 rerba
1202 2427 1322 2497 tenpus

370 2508 510 2593 postulat,
524 2509 677 2590 abrumpo.
700 2509 834 2569 Habeb's
845 2511 968 2580 animos,
982 2511 1097 2571 habetis
1110 2531 1192 2573 arma
1203 2510 1321 2573 :wide

369 2608 409 2667 tis
420 2606 635 2673 nocuitatem,
658 2624 725 2681 qum
745 2604 961 2664 timidissimum
977 2626 1124 2686 quemque
1136 2616 1234 2685 ponet
1244 2626 1319 2669 acu·

370 2720 436 2769 arez
459 2699 544 2758 robis
556 2698 666 2777 pariter
678 2698 804 2777 urbique
823 2696 981 2757 discrimen
998 2708 1163 2761 exosorum
1175 2703 1319 2775 imminet,

372 2796 428 2856 nisi
441 2796 550 2855 virtute
564 2801 661 2853 restra
672 2792 873 2852 discusseritis.
915 2792 1029 2853 Eamus
1041 2794 1139 2872 igitur,
1152 2804 1184 2855 et
1195 2796 1319 2859 fortuna

372 2894 449 2952 bene
456 2893 583 2969 juvante
603 2890 672 2949 istos
687 2908 704 2947 e
721 2887 856 2947 latibulis
874 2888 933 2946 suis
952 2889 1045 2967 paulo
1062 2898 1131 2949 aute
1151 2910 1319 2970 progressos

369 2996 514 3069 petamus,
532 2986 626 3046 securi
648 2984 686 3044 de
708 2985 766 3055 bis,
790 2984 842 3063 qui
860 2984 1080 3043 exsccnmonem
1093 2985 1224 3046 faciunt:
1246 3008 1317 3049 nam

369 3082 437 3142 illos
448 3082 473 3140 si
486 3080 688 3151 ceciderimus,
702 3080 733 3140 bi
745 3079 851 3157 majori
863 3098 932 3138 cum
951 3078 1050 3139 stridio
1069 3099 1160 3140 naves
1170 3091 1315 3162 repetent,

368 3196 458 3258 quam
470 3176 672 3257 reliquerunt?
1307 3218 1314 3225 .

407 3279 458 3333 62.
479 3270 530 3331 Ita
542 3291 609 3331 suos
630 3290 684 3350 pro
695 3279 827 3350 tempora
844 3271 1023 3341 cohortatus,
1041 3272 1190 3332 instructis
1202 3273 1313 3335 ordini.

290 3400 296 3419 .
366 3367 422 3427 bus
439 3367 478 3425 ad
491 3386 541 3425 eos
558 3364 741 3425 invadendos
752 3366 805 3445 qui
816 3366 925 3425 collem
937 3366 1077 3426 tenebant
1088 3366 1189 3427 ducit:
1211 3371 1265 3450 qui
1281 3381 1314 3431 et

366 3462 422 3541 ipsi
436 3480 493 3520 uon
509 3460 626 3537 segnius
638 3460 782 3537 congressi
795 3461 994 3520 sustinuerunt
1011 3460 1136 3532 bostem,
1149 3462 1245 3525 donec
1257 3466 1313 3528 ad-

365 3556 515 3617 venientes
535 3555 587 3633 qui
606 3555 825 3615 exscensionem
847 3556 959 3615 interea
978 3554 1119 3627 lecerunt,
1140 3567 1172 3617 et
1194 3579 1213 3618 e
1229 3568 1314 3639 tergo

364 3670 432 3711 eum
446 3649 551 3720 adorti,
565 3669 671 3727 magno
682 3668 752 3709 cum
772 3659 880 3709 terrore
896 3650 1129 3731 detrimentoque
1148 3652 1313 3732 disjeceree

364 3766 475 3827 paucos
493 3746 523 3805 in
537 3744 679 3825 oppidum
699 3744 800 3804 retulit
813 3744 901 3822 fuga:
922 3747 1012 3805 ceteri
1024 3746 1131 3826 panim
1143 3768 1196 3828 per
1216 3750 1313 3811 invios

363 3842 456 3902 calles
468 3839 585 3922 dilapsi.
639 3839 818 3911 Demetrius,
833 3840 884 3920 qui
896 3841 967 3900 solis
979 3842 1156 3920 quibusdam
1169 3846 1243 3909 locis
1254 3866 1310 3926 pa-

218 3953 304 4018 Polyb.
315 3969 352 4003 ιν.
363 3946 443 3997 ratos
464 3938 577 3997 lembos
589 3937 619 3996 in
631 3954 748 3994 omnem
760 3955 860 3995 samm
877 3936 1017 4007 babebat,
1034 3957 1094 3997 uno
1113 3958 1213 3998 eoram
1236 3960 1309 4001 oon-

202 4024 244 4072 ⁰⁶·
363 4052 464 4093 scenso
476 4032 516 4093 ad
526 4031 701 4113 Philippum
715 4028 902 4089 Macedoniae
911 4050 1009 4109 regem
1021 4032 1161 4113 profugit,
1179 4036 1266 4114 enjus
1278 4038 1309 4096 in

202 4081 522 4198 vllllllvilsmisitism
547 4136 693 4209 receptus,
720 4122 820 4187 mores‘
842 4124 1033 4187 adolescentis
1058 4138 1146 4190 autea
1170 4130 1310 4193 laudatos
