2917 4767
240 386 328 453 2068
723 401 759 449 u.
782 401 878 449 mvn

241 546 465 613 delectorum¹
481 544 623 611 militum
637 545 779 610 nauibus
794 544 906 625 longis
922 543 1024 608 mittit
1037 542 1079 609 ad
1097 544 1223 607 ostium
1237 543 1355 607 ttoni-

240 651 293 714 nis
319 669 394 715 cnm
419 648 579 731 praelecto
599 647 741 723 socium,
757 644 802 724 Q.
819 644 941 709 Naevio
958 644 1095 720 Crista‚²
1112 646 1186 709 viro
1202 644 1355 727 impigro

242 757 277 815 et
291 752 401 833 perito
416 749 560 812 milities.
604 747 657 826 Is,
672 748 844 830 expositis
866 748 898 811 in
922 754 1042 811 terram
1059 746 1237 820 militibus,
1257 748 1356 809 nari-

241 852 371 933 busque
387 850 526 914 Oricum
550 856 651 925 retro,
675 849 764 914 unde
784 855 933 923 venerat,
959 850 1001 911 ad
1026 856 1172 913 ceteram
1198 848 1356 911 classem

241 955 406 1031 remissis,
421 953 544 1017 milites
568 952 689 1033 procul
710 971 731 1016 a
752 951 887 1017 flumine
906 970 965 1033 per
980 953 1072 1015 uiam
1086 950 1222 1014 minime
1238 950 1284 1012 ab
1299 968 1353 1012 re·
1448 956 1458 983 ·’

243 1054 307 1135 giis
319 1054 497 1117 obsessam
514 1052 623 1128 duxit,
639 1061 675 1116 et
686 1060 800 1128 nocte,
811 1054 860 1116 ita
876 1057 913 1115 ut
927 1070 1023 1115 nemo
1037 1051 1184 1115 bostium
1200 1054 1355 1125 sentiret,
1454 1065 1455 1069 ’

244 1157 360 1219 orbem
375 1162 448 1218 est³
464 1156 646 1235 ingressus·
691 1152 757 1217 Die
772 1155 958 1235 insequenti
975 1154 1144 1235 quievere,
1166 1150 1248 1214 dom
1265 1172 1351 1234 pres-

240 1255 351 1320 sectus
367 1256 578 1338 inventutem
603 1254 882 1336 Apolloniatium,
907 1274 1065 1338 armaque
1087 1262 1123 1318 ct
1143 1254 1237 1317 urbis
1263 1254 1353 1317 vires

243 1358 441 1439 inspiceret.
486 1354 557 1419 Ubi
579 1374 619 1419 ea
641 1357 717 1421 uisa
744 1356 964 1438 inspectaque
986 1356 1071 1419 satis
1092 1356 1278 1418 animorum
1301 1354 1354 1419 fe·

242 1478 327 1535 cere,
337 1458 506 1541 simulque
518 1459 560 1522 ab
573 1458 842 1540 exploratoribus
857 1457 1035 1541 comperit,
1047 1465 1173 1539 quanta
1190 1457 1353 1522 soeordia

242 1580 283 1625 ec
308 1560 511 1641 negligentia
538 1559 630 1641 apud
652 1559 769 1621 hostes
792 1564 899 1635 esset3
923 1557 1059 1620 silentio
1074 1558 1184 1619 noctis
1200 1558 1245 1620 ab
1267 1558 1353 1621 urbe

242 1662 315 1725 siue
339 1660 409 1727 ullo
433 1662 579 1724 tumultu
603 1676 769 1741 egressus,
792 1664 904 1721 castra
929 1657 1072 1721 bostium
1093 1656 1179 1723 adeo
1196 1657 1349 1738 neglecte

243 1766 345 1841 atque
361 1768 479 1840 aperta
493 1761 640 1837 intravit,
655 1766 691 1823 nt
705 1761 791 1825 satis
809 1766 985 1835 constaret,
1000 1761 1119 1843 prius⁴
1133 1759 1227 1822 mille
1239 1758 1345 1821 homi·

242 1878 320 1925 uum
335 1859 460 1924 vallum
475 1858 632 1933 intrasse,
647 1879 748 1942 quam
774 1862 949 1944 quisquam
973 1862 1119 1937 sentiret,
1133 1878 1187 1936 ac,
1205 1861 1237 1923 si
1250 1860 1349 1925 caede

244 1962 492 2036 abstinuissent,
516 1964 685 2044 pervenire
706 1963 748 2026 ad
770 1964 1020 2029 tabernaculum
1036 1964 1163 2045 regium
1180 1964 1349 2043 potuisse.

245 2061 370 2127 Caedes
395 2063 624 2145 proximorum
649 2072 758 2145 portae
781 2064 945 2129 excitavit
959 2065 1083 2129 hostes.
1128 2062 1215 2125 Inde
1233 2068 1349 2125 tantos

246 2174 351 2235 terror
378 2182 552 2248 pavorque
578 2184 698 2230 omnes
725 2168 920 2245 occupavit,
949 2172 988 2228 ut
1017 2184 1084 2227 uon
1110 2164 1212 2227 modo
1238 2163 1350 2228 alins⁵

243 2266 421 2348 qnisquam
448 2285 541 2329 arma
570 2276 717 2349 caperet,
743 2270 803 2329 aut
829 2266 948 2329 castris
975 2264 1098 2347 pellere
1130 2264 1260 2329 bostem
1292 2285 1347 2329 co-

242 2373 407 2445 naretor3
438 2366 623 2429 sedetiam
649 2366 726 2447 ipse
748 2384 820 2442 rex,
846 2368 934 2429 sieut
958 2384 1078 2429 somno
1105 2367 1239 2429 excitus
1265 2374 1349 2441 erat,

242 2484 349 2553 prope
377 2464 571 2532 seminudus
594 2466 738 2549 lugiens,
763 2468 859 2533 militi
880 2488 1023 2554 qnoque,
1046 2466 1166 2533 nedum
1190 2468 1273 2550 regi,
1289 2468 1348 2531 vix

243 2566 366 2633 decoro
388 2568 516 2646 babitu,
537 2568 581 2632 ad
604 2567 727 2632 flumen
751 2588 920 2653 navesque
936 2568 1123 2651 perfugerit.
1168 2568 1300 2633 Eodem
1315 2578 1349 2634 et
1457 2610 1458 2641 t

244 2670 313 2735 alia
326 2672 425 2735 turba
439 2670 545 2737 effusa
559 2680 623 2735 est.
669 2671 781 2737 Paulo
806 2671 914 2735 minus
939 2672 1006 2737 tria
1027 2668 1135 2735 millia
1153 2670 1299 2735 militum
1313 2674 1347 2735 in
1444 2694 1446 2697 ·

244 2773 367 2836 castris
384 2781 442 2837 aut
455 2782 570 2855 capta,
586 2780 646 2835 aut
659 2774 786 2836 occisa.
831 2772 914 2837 Plus
937 2778 1049 2837 tamen
1073 2770 1242 2835 hominnm
1255 2770 1271 2812 ⁶
1286 2774 1346 2837 ali·

243 2874 370 2952 quanto
387 2879 537 2951 captum,
553 2890 652 2953 qnam
668 2890 794 2934 caesum
811 2876 876 2933 cst.
921 2870 1049 2931 Castris
1070 2868 1222 2950 direptis,
1238 2870 1348 2951 Apol·
1457 2924 1458 2929 ,

242 2970 377 3034 loniatae
393 2970 594 3053 catapultas,
608 2968 778 3043 ballistas,
791 2973 1019 3049 tormentaque
1032 2966 1109 3044 elie,
1121 2986 1200 3051 quae
1217 2988 1347 3053 oppng·
1457 2944 1458 3009 3

242 3066 364 3133 candae
379 3068 454 3133 urbi
470 3078 670 3149 comparata
691 3077 797 3144 erant,
814 3067 857 3133 ad
874 3066 998 3133 tuenda
1013 3071 1151 3146 moenie,
1168 3070 1350 3153 siquando

243 3170 364 3235 similis
383 3169 515 3233 fortuna
532 3170 689 3244 venisset,
705 3168 923 3251 Apolloniam
939 3168 1119 3233 devexere:
1141 3178 1256 3235 cetera
1276 3192 1349 3236 orn·
1457 3186 1458 3199 ¹

243 3272 296 3334 nis
322 3270 438 3354 praeda
464 3278 652 3334 castrorum
678 3268 842 3334 Romanis
868 3288 1029 3335 concessa
1051 3279 1117 3335 est.
1163 3269 1252 3337 Haec
1269 3296 1345 3338 corn
1457 3310 1458 3345 1

245 3371 382 3437 Oricum
396 3381 512 3437 essent
526 3374 691 3449 nuntiate,
708 3370 758 3435 M.
776 3370 931 3435 Valerius
951 3371 1094 3435 classem
1111 3375 1286 3456 extemplo
1302 3376 1347 3441 ad
1457 3346 1458 3383 1

243 3474 368 3537 ostium
391 3474 540 3538 fluminis
559 3476 669 3549 duxit,
694 3492 738 3538 ne
761 3474 906 3537 navibus
935 3491 1113 3554 capessere
1142 3474 1254 3555 lugam
1281 3494 1343 3539 rex
1457 3508 1458 3519 κ

242 3582 374 3657 posset.
418 3574 541 3657 Itaque
567 3574 761 3658 Philippus,
783 3594 894 3661 neque
920 3576 1075 3650 terrestri,
1101 3592 1208 3659 neque
1228 3577 1346 3669 nauali

243 3672 423 3741 certamino
440 3676 527 3741 satis
553 3674 622 3739 sore
645 3695 757 3758 parem
773 3696 810 3740 se
826 3676 946 3753 fidene,
962 3676 1140 3741 subductis
1156 3683 1217 3743 ant
1231 3676 1346 3743 incen-
1454 3742 1458 3761 ,

698 3872 885 3899 cumeum

243 3988 676 4051 Moxscriptibegutieodpolloeie!
687 3989 998 4041 J.F.Gronov.-—10lim
1010 3988 1348 4052 lerebntnrmllieitmllle
1455 4026 1458 4051 ⁴

242 4056 440 4102 delectorum-²
458 4054 496 4103 ΑΙ.
519 4054 662 4117 Crispa-8
682 4055 725 4103 Est
746 4054 797 4103 del.
818 4054 895 4107 Grnt.
914 4056 1028 4103 Grotius.
1052 4056 1156 4111 lloujat.
1188 4054 1347 4105 ‘Potestrb

242 4117 363 4191 ingressas
380 4118 473 4193 accipi,
488 4127 516 4165 nt
533 4118 567 4166 sit
583 4119 704 4192 ingressus
720 4126 768 4168 ert:
785 4120 869 4194 malim
890 4126 976 4196 temeri
988 4118 1077 4167 delere
1087 4116 1117 4203 ,rb
1128 4125 1162 4177 rt,
1173 4131 1225 4181 quo
1238 4118 1348 4177 babeas,

242 4180 1345 4309 tetstt‘tztst:aestatesrttlt’ttttt’tslbtttk
