2917 4767
271 341 358 406 1734
741 350 776 400 u.
800 349 898 398 mvn

270 499 445 574 minarum,
460 489 632 578 equitibus
646 493 849 576 quingentis,
865 490 909 556 ad
927 489 1186 576 depopulandos
1208 492 1373 560 sociorum

271 597 390 683 populi
404 595 552 660 Romani
566 614 666 677 agros
685 595 802 658 mittit.
847 593 958 658 Gallis
979 597 1076 676 parci
1093 615 1201 680 quam
1228 599 1372 660 maxime

266 702 373 784 jubet,
403 697 658 780 principumque
695 697 825 760 animos
863 695 1028 760 solicitari
1063 697 1108 760 ad
1136 697 1373 762 desectionem.

271 797 380 864 Ponte
406 796 572 880 perfecto,
597 797 773 862 traductus
798 796 977 864 Romanus
1003 799 1171 864 exercitus
1200 799 1241 862 in
1268 817 1373 880 agrum

271 900 467 966 Insubrium
489 899 636 981 quinque
659 898 767 963 millia
786 917 950 981 passuum
964 917 986 962 a
1000 898 1213 965 Victumulis
1226 907 1278 948 ¹⁷⁸
1300 917 1374 964 oon·

271 1001 370 1067 sedit.
413 999 469 1066 Ibi
485 1000 659 1066 Hannibal
673 1007 787 1064 castra
800 1000 969 1066 habebat:
989 1009 1224 1086 revocatoque
1238 1019 1373 1084 propere

272 1102 471 1169 Maharbale
484 1111 585 1186 utque
599 1102 784 1184 equitibus,
799 1120 877 1165 cum
893 1103 1017 1166 instare
1032 1109 1200 1168 certamen
1217 1111 1373 1178 cerneret,

269 1203 353 1268 nibil
366 1222 515 1288 unquam
530 1203 616 1268 satis
630 1203 756 1268 dictum
771 1205 1074 1287 praemonitumque
1088 1204 1131 1268 ad
1147 1203 1372 1270 cohortandus

271 1305 395 1368 milites
405 1311 509 1381 ratus,
521 1305 654 1368 vocatis
664 1304 708 1368 ad
721 1305 911 1370 nonnionem
921 1311 1013 1370 certa
1023 1307 1160 1388 praemia
1167 1303 1373 1388 pronuntiat,

270 1407 462 1486 inquorum
482 1424 580 1487 spem
602 1412 799 1488 pugnarent.
842 1405 993 1488 ‘Agrum
1016 1425 1093 1470 sese
1114 1405 1277 1471 (laturum
1303 1423 1371 1470 esse

270 1504 306 1570 in
332 1505 446 1583 Italia,
470 1503 601 1582 Africa,
626 1507 812 1589 Hispania,
836 1507 897 1571 ubi
918 1505 1064 1590 quisque
1080 1506 1172 1586 velit,
1189 1507 1371 1570 immunem

269 1607 351 1689 ipsi,
360 1607 420 1689 qui
431 1609 631 1690 accepisset,
640 1608 842 1691 liberisque:
864 1608 1241 1691 quipecnnium,quam
1252 1625 1370 1688 agrum,

271 1707 457 1784 maluisset,
473 1709 506 1772 ei
519 1729 556 1772 se
569 1716 704 1790 argento
721 1710 1005 1774 satisfacturum:
1027 1712 1087 1792 qui
1098 1711 1275 1774 sociorum
1286 1708 1371 1770 cives

272 1807 561 1891 Carthaginienses
575 1809 648 1874 lieri
663 1811 799 1888 rellnnt,
814 1818 1019 1894 potestatem
1029 1809 1217 1878 iacturum:
1241 1809 1303 1892 qui
1315 1807 1369 1871 do·

270 1928 345 1975 mos
358 1910 467 1976 redire
480 1911 629 1988 mallent,
653 1912 806 1976 daturum
826 1931 863 1976 se
889 1929 1040 1994 operam,
1054 1931 1096 1976 ne
1115 1911 1218 1995 cujus
1236 1928 1369 1974 suorum

271 2011 486 2093 popularium
501 2019 662 2078 mutatam
673 2011 697 2052 ¹⁸
714 2031 830 2077 secum
845 2013 1012 2078 fortunam
1025 2031 1099 2076 esse
1115 2009 1265 2078 velient!
1298 2009 1367 2074 Ser-

270 2112 324 2176 uis
340 2131 476 2196 quoque
489 2112 643 2178 dominns
653 2115 841 2196 prosecutis
852 2115 1038 2178 libertatem
1050 2113 1222 2196 proponit,
1234 2121 1262 2161 ¹⁹
1277 2110 1367 2174 bina·

272 2231 339 2295 que
363 2214 494 2295 probis
513 2216 684 2296 mancipia
707 2215 853 2277 dominis
878 2233 915 2276 ee
936 2213 1149 2277 redditurum.
1194 2212 1317 2295 anue
1334 2217 1366 2272 ut

271 2321 348 2376 rata
363 2314 487 2378 scirent
502 2312 582 2390 iore,
606 2333 727 2395 agnum
748 2314 838 2380 laeva
858 2332 968 2392 manu,
992 2313 1129 2378 dextera
1146 2313 1280 2378 silicem
1295 2311 1366 2374 reti·

269 2429 367 2491 nens,
393 2414 424 2476 si
445 2411 582 2492 falleret,
608 2414 730 2479 Jovem
755 2421 949 2496 ceterosque
969 2421 1126 2498 precatus
1150 2415 1259 2490 Deos,
1275 2413 1318 2475 ita
1332 2429 1364 2472 se

271 2519 466 2591 mactarent,
490 2514 776 2596 quemadmodum
794 2517 868 2598 ipse
894 2534 1015 2598 agnum
1038 2513 1237 2592 mactasset,
1253 2529 1364 2578 secun·

270 2611 351 2676 dnm
372 2615 595 2696 precationem
618 2623 723 2699 caput
748 2616 889 2700 pecudis
914 2635 1002 2680 saxo
1027 2615 1141 2680 elisit.b
1182 2615 1274 2679 Tum
1289 2630 1361 2678 vero

729 2781 911 2802 ΙΝΙΝΜΝῸ

303 2877 334 2923 lt
354 2875 412 2925 Vrec
429 2879 526 2927 amru
545 2879 712 2928 Meacmuer
730 2887 758 2929 et
770 2880 835 2928 Edu.
848 2877 1014 2928 vetustiores.
1047 2877 1112 2927 lude
1127 2883 1219 2938 postea
1236 2873 1360 2925 Rubenius

268 2935 359 2987 effecit
375 2941 524 3000 Victumiia,
534 2941 605 3003 qnod
615 2944 775 2993 recentiores
785 2943 853 2994 Eud.
862 2945 1093 3004 receperunt-it
1104 2941 1165 2989 Ver.
1174 2940 1219 2990 lib.
1228 2955 1271 3006 ap.
1280 2940 1359 3002 Sigon.

763 3083 874 3136 Nom

301 3204 314 3232 ⁸
331 3197 440 3258 Qtlflute
453 3197 530 3246 nitria
549 3211 659 3257 mm
677 3215 692 3248 ι
714 3198 798 3248 Virtu-
838 3197 963 3247 snbrinm.

168 3276 171 3281 ⁴
268 3271 340 3320 romb
367 3271 443 3336 [Viro
460 3271 568 3333 sumtu]
596 3273 716 3336 vulgaris
744 3275 798 3323 brec
871 3272 1230 3338 Aranmuefficrmtts]
1249 3269 1357 3324 cnnutc

268 3346 349 3396 lectio
366 3355 413 3396 ert.
446 3347 480 3395 Et
492 3362 553 3396 sune
564 3348 589 3396 in
601 3349 696 3398 tabulis
707 3361 799 3399 occur·
838 3347 904 3396 Mas.
916 3349 1030 3400 babeant
1044 3349 1206 3406 Vicotuuralir.
1215 3349 1244 3401 J.
1257 3349 1286 3399 F.
1299 3347 1356 3396 Gro-

269 3422 305 3470 rit
315 3422 387 3470 locus
400 3423 469 3471 inter
483 3422 603 3472 Ticinum
614 3432 642 3472 et
657 3425 797 3474 Novariam
839 3423 929 3473 novius
941 3423 1122 3489 auspicabatur
1137 3425 1189 3488 legi
1205 3440 1291 3488 porse,
1306 3423 1356 3471 lcii·

269 3509 365 3556 amnes,
386 3497 463 3557 vulgo
485 3496 592 3554 Dimoti,·
615 3499 685 3560 qnod
705 3513 797 3548 nomen
837 3500 917 3562 autb,
928 3501 996 3564 quud
1006 3515 1096 3550 nomeu
1109 3509 1151 3550 ert
1161 3501 1210 3552 loci
1222 3501 1249 3550 in
1260 3499 1357 3550 Vercel-

269 3569 332 3617 sutia
344 3570 464 3618 conuenit
475 3584 605 3619 cumvoce
616 3571 719 3623 Ternarii.
730 3575 797 3623 Gro·
838 3574 902 3623 lensi
919 3590 990 3636 agro.
1023 3575 1073 3626 Sed
1091 3577 1179 3638 agitur
1195 3575 1229 3626 ‹le
1246 3577 1301 3626 loco
1317 3575 1353 3636 qui

269 3644 360 3694 novius
376 3644 518 3694 Victumulis
533 3645 657 3706 reposuit.
690 3648 798 3696 Errare
838 3663 889 3699 nou
900 3650 1023 3711 'procula
1040 3651 1186 3712 Placentia,
1203 3657 1231 3700 et
1249 3649 1312 3700 forte
1325 3647 1353 3694 ul

273 3721 419 3771 Varamos
435 3727 481 3769 aut
496 3719 631 3770 Vernus
647 3722 796 3785 Emporium
838 3727 948 3776 alteram
959 3725 1027 3776 Parii
1042 3727 1132 3789 ripum.
1162 3725 1314 3776 videant.
1328 3723 1350 3769 l·

269 3794 717 3847 RomanisGallicobellomuuitum
734 3813 798 3864 pan·
841 3802 954 3852 Cierium·
1374 3841 1382 3863 .

268 3875 294 3922 io
307 3879 366 3935 port
377 3871 493 3920 nominat
507 3871 562 3921 Lir.
573 3887 632 3936 cap.
642 3878 683 3924 tit.
704 3874 758 3924 aen
767 3876 797 3924 il·
870 3875 881 3910 Β
898 3877 1049 3942 Βαοεὶίιίι]
1067 3879 1221 3942 Descriptus
1230 3887 1271 3928 est
1281 3877 1352 3926 solen·

267 3945 314 3994 lud
324 3946 358 3993 ad
375 3946 494 3995 dextrum
507 3946 574 3997 Parii
592 3963 674 4012 prope
687 3949 797 4000 Placen·
836 3951 875 4000 uis
884 3951 926 4000 liic
936 3951 1053 4002 firmandi
1059 3953 1227 4016 jurisjurandi
1241 3953 1324 4004 ritant.
1335 3965 1349 3996 r·

268 4018 332 4085 tiam
344 4019 423 4070 iniere
437 4022 539 4071 scribit.
567 4022 698 4074 Hicreru
714 4024 796 4084 uicus,
836 4031 946 4089 capit.
982 4031 1021 4079 De
1032 4028 1199 4093 jurejurando
1211 4029 1350 4092 perierem

268 4094 302 4142 (le
319 4110 371 4158 quo
384 4099 557 4160 unucugitur,
568 4098 600 4149 ad
612 4101 701 4150 laram
712 4098 795 4150 flumi-
835 4102 948 4164 lapidem
964 4105 1104 4154 Fauorinus
1121 4105 1191 4167 apud
1202 4103 1272 4154 Gall.
1287 4103 1326 4152 lib.
1336 4113 1351 4148 r.

268 4170 318 4228 uir,
328 4185 359 4221 uc
371 4180 441 4222 trans
452 4175 570 4225 'licinum
581 4175 630 4226 fuit
639 4177 665 4228 in
676 4192 740 4241 agro
751 4176 794 4226 Iu·
835 4189 892 4242 cap.
907 4180 947 4230 ῆι.
965 4179 1120 4231 Plutarchus
1135 4179 1161 4230 in
1171 4179 1252 4242 Sylla.
1284 4181 1349 4239 Poly·
