<?xml version="1.0" encoding="UTF-8"?>
<!DOCTYPE html PUBLIC "-//W3C//DTD XHTML 1.0 Transitional//EN"
    "http://www.w3.org/TR/xhtml1/DTD/xhtml1-transitional.dtd">
<html xmlns="http://www.w3.org/1999/xhtml" xml:lang="en" lang="en">
 <head>
  <title>
</title>
<meta http-equiv="Content-Type" content="text/html;charset=utf-8" />
  <meta name='ocr-system' content='tesseract 3.04.00' />
  <meta name='ocr-capabilities' content='ocr_page ocr_carea ocr_par ocr_line ocrx_word'/>
</head>
<body>
  <div class='ocr_page' id='page_1' title='image "./tliviipatavinih00unkngoog_0228.png"; bbox 0 0 2917 4767; ppageno 0'>
   <div class='ocr_carea' id='block_1_1' title="bbox 697 335 852 385">
    <p class='ocr_par' dir='ltr' id='par_1_1' title="bbox 697 335 852 385">
     <span class='ocr_line' id='line_1_1' title="bbox 697 335 852 385; baseline -0.006 -3"><span class='ocrx_word' id='word_1_1' title='bbox 697 337 729 382; x_wconf 78' lang='grc' dir='ltr'>Τ.</span> <span class='ocrx_word' id='word_1_2' title='bbox 758 335 852 385; x_wconf 78' lang='lat' dir='ltr'>uvu</span> 
     </span>
    </p>
   </div>
   <div class='ocr_carea' id='block_1_2' title="bbox 374 476 1447 654">
    <p class='ocr_par' dir='ltr' id='par_1_2' title="bbox 374 476 1447 654">
     <span class='ocr_line' id='line_1_2' title="bbox 374 476 1447 558; baseline -0.006 -19"><span class='ocrx_word' id='word_1_3' title='bbox 374 488 496 547; x_wconf 73' lang='lat' dir='ltr'>retuso</span> <span class='ocrx_word' id='word_1_4' title='bbox 509 479 663 558; x_wconf 76' lang='lat' dir='ltr'>opinantes</span> <span class='ocrx_word' id='word_1_5' title='bbox 683 480 844 557; x_wconf 73' lang='lat' dir='ltr'>oppressit:</span> <span class='ocrx_word' id='word_1_6' title='bbox 867 477 1029 556; x_wconf 77' lang='lat' dir='ltr'>majorique</span> <span class='ocrx_word' id='word_1_7' title='bbox 1053 486 1136 556; x_wconf 80' lang='lat' dir='ltr'>perte</span> <span class='ocrx_word' id='word_1_8' title='bbox 1158 496 1278 538; x_wconf 84' lang='lat' dir='ltr'>eorum</span> <span class='ocrx_word' id='word_1_9' title='bbox 1299 476 1353 554; x_wconf 90' lang='lat' dir='ltr'>qui</span> <span class='ocrx_word' id='word_1_10' title='bbox 1446 547 1447 554; x_wconf 8' lang='grc' dir='ltr'>ἵ</span> 
     </span>
     <span class='ocr_line' id='line_1_3' title="bbox 375 573 1447 654; baseline -0.003 -21"><span class='ocrx_word' id='word_1_11' title='bbox 375 577 405 634; x_wconf 91' lang='lat' dir='ltr'>in</span> <span class='ocrx_word' id='word_1_12' title='bbox 418 576 490 635; x_wconf 89' lang='lat' dir='ltr'>urbe</span> <span class='ocrx_word' id='word_1_13' title='bbox 502 577 609 654; x_wconf 78' lang='lat' dir='ltr'>reperti</span> <span class='ocrx_word' id='word_1_14' title='bbox 622 574 739 635; x_wconf 83' lang='lat' dir='ltr'>fuerent</span> <span class='ocrx_word' id='word_1_15' title='bbox 748 573 913 643; x_wconf 82' lang='lat' dir='ltr'>interfecte,</span> <span class='ocrx_word' id='word_1_16' title='bbox 921 582 1035 633; x_wconf 87' lang='lat' dir='ltr'>ceteros</span> <span class='ocrx_word' id='word_1_17' title='bbox 1043 573 1227 652; x_wconf 74' lang='lat' dir='ltr'>Drepanum</span> <span class='ocrx_word' id='word_1_18' title='bbox 1238 591 1354 631; x_wconf 81' lang='lat' dir='ltr'>emen-</span> <span class='ocrx_word' id='word_1_19' title='bbox 1446 579 1447 602; x_wconf 77' lang='lat'><em>³</em></span> 
     </span>
    </p>
   </div>
   <div class='ocr_carea' id='block_1_3' title="bbox 217 670 1357 2173">
    <p class='ocr_par' dir='ltr' id='par_1_3' title="bbox 375 670 469 731">
     <span class='ocr_line' id='line_1_4' title="bbox 375 670 469 731; baseline -0.032 0"><span class='ocrx_word' id='word_1_20' title='bbox 375 670 469 731; x_wconf 76' lang='lat' dir='ltr'>desit.</span> 
     </span>
    </p>

    <p class='ocr_par' dir='ltr' id='par_1_4' title="bbox 376 762 1357 1700">
     <span class='ocr_line' id='line_1_5' title="bbox 417 762 1357 843; baseline -0.002 -20"><span class='ocrx_word' id='word_1_21' title='bbox 417 772 467 825; x_wconf 77' lang='lat'>50.</span> <span class='ocrx_word' id='word_1_22' title='bbox 488 762 539 823; x_wconf 88' lang='lat' dir='ltr'>Ex</span> <span class='ocrx_word' id='word_1_23' title='bbox 551 784 588 823; x_wconf 91' lang='lat' dir='ltr'>eo</span> <span class='ocrx_word' id='word_1_24' title='bbox 601 772 732 843; x_wconf 84' lang='lat' dir='ltr'>tempore</span> <span class='ocrx_word' id='word_1_25' title='bbox 752 766 828 823; x_wconf 84' lang='lat' dir='ltr'>mire</span> <span class='ocrx_word' id='word_1_26' title='bbox 847 762 941 823; x_wconf 79' lang='lat' dir='ltr'>facies</span> <span class='ocrx_word' id='word_1_27' title='bbox 958 784 1055 823; x_wconf 88' lang='lat' dir='ltr'>rerum</span> <span class='ocrx_word' id='word_1_28' title='bbox 1067 772 1098 823; x_wconf 89' lang='lat' dir='ltr'>et</span> <span class='ocrx_word' id='word_1_29' title='bbox 1117 762 1213 823; x_wconf 76' lang='lat' dir='ltr'>vaide</span> <span class='ocrx_word' id='word_1_30' title='bbox 1237 780 1357 821; x_wconf 76' lang='lat' dir='ltr'>seven</span> 
     </span>
     <span class='ocr_line' id='line_1_6' title="bbox 376 857 1357 938; baseline -0.008 -17"><span class='ocrx_word' id='word_1_31' title='bbox 376 860 481 921; x_wconf 76' lang='lat' dir='ltr'>militie</span> <span class='ocrx_word' id='word_1_32' title='bbox 493 858 559 919; x_wconf 84' lang='lat' dir='ltr'>init.</span> <span class='ocrx_word' id='word_1_33' title='bbox 602 858 636 917; x_wconf 92' lang='lat' dir='ltr'>N</span> <span class='ocrx_word' id='word_1_34' title='bbox 638 878 686 918; x_wconf 84' lang='lat' dir='ltr'>nm</span> <span class='ocrx_word' id='word_1_35' title='bbox 701 858 860 918; x_wconf 84' lang='lat' dir='ltr'>Hemilcur</span> <span class='ocrx_word' id='word_1_36' title='bbox 880 860 956 919; x_wconf 85' lang='lat' dir='ltr'>iuter</span> <span class='ocrx_word' id='word_1_37' title='bbox 972 858 1034 918; x_wconf 90' lang='lat' dir='ltr'>duo</span> <span class='ocrx_word' id='word_1_38' title='bbox 1050 857 1188 938; x_wconf 85' lang='lat' dir='ltr'>prresidiu</span> <span class='ocrx_word' id='word_1_39' title='bbox 1206 858 1357 916; x_wconf 84' lang='lat' dir='ltr'>hostium</span> 
     </span>
     <span class='ocr_line' id='line_1_7' title="bbox 376 954 1355 1033; baseline -0.006 -18"><span class='ocrx_word' id='word_1_40' title='bbox 376 955 500 1025; x_wconf 86' lang='lat' dir='ltr'>medius,</span> <span class='ocrx_word' id='word_1_41' title='bbox 515 955 553 1013; x_wconf 84' lang='lat' dir='ltr'>eb</span> <span class='ocrx_word' id='word_1_42' title='bbox 567 954 701 1013; x_wconf 75' lang='lat' dir='ltr'>inferiore</span> <span class='ocrx_word' id='word_1_43' title='bbox 715 954 915 1023; x_wconf 74' lang='lat' dir='ltr'><strong>obsidebatur,</strong></span> <span class='ocrx_word' id='word_1_44' title='bbox 928 974 996 1013; x_wconf 88' lang='lat' dir='ltr'>cum</span> <span class='ocrx_word' id='word_1_45' title='bbox 1012 955 1075 1033; x_wconf 90' lang='lat' dir='ltr'>ipse</span> <span class='ocrx_word' id='word_1_46' title='bbox 1095 954 1231 1011; x_wconf 80' lang='lat' dir='ltr'>uicissim</span> <span class='ocrx_word' id='word_1_47' title='bbox 1255 970 1355 1030; x_wconf 71' lang='lat' dir='ltr'>supe</span> 
     </span>
     <span class='ocr_line' id='line_1_8' title="bbox 376 1046 1354 1129; baseline -0.007 -19"><span class='ocrx_word' id='word_1_48' title='bbox 376 1050 436 1110; x_wconf 81' lang='lat' dir='ltr'>rius</span> <span class='ocrx_word' id='word_1_49' title='bbox 447 1050 613 1109; x_wconf 76' lang='lat' dir='ltr'>obsideret:</span> <span class='ocrx_word' id='word_1_50' title='bbox 636 1048 826 1129; x_wconf 85' lang='lat' dir='ltr'>Romanique</span> <span class='ocrx_word' id='word_1_51' title='bbox 840 1049 950 1128; x_wconf 87' lang='lat' dir='ltr'>puriter</span> <span class='ocrx_word' id='word_1_52' title='bbox 961 1048 1120 1127; x_wconf 75' lang='lat' dir='ltr'>Poenique,</span> <span class='ocrx_word' id='word_1_53' title='bbox 1133 1047 1283 1107; x_wconf 76' lang='lat' dir='ltr'>toleratis</span> <span class='ocrx_word' id='word_1_54' title='bbox 1305 1046 1354 1103; x_wconf 60' lang='lat' dir='ltr'>iv</span> 
     </span>
     <span class='ocr_line' id='line_1_9' title="bbox 377 1141 1355 1224; baseline -0.008 -18"><span class='ocrx_word' id='word_1_55' title='bbox 377 1146 497 1206; x_wconf 87' lang='lat' dir='ltr'>boribus</span> <span class='ocrx_word' id='word_1_56' title='bbox 514 1153 546 1203; x_wconf 90' lang='lat' dir='ltr'>et</span> <span class='ocrx_word' id='word_1_57' title='bbox 563 1144 701 1224; x_wconf 89' lang='lat' dir='ltr'>periculis</span> <span class='ocrx_word' id='word_1_58' title='bbox 722 1143 953 1213; x_wconf 81' lang='lat' dir='ltr'>incredibilibus,</span> <span class='ocrx_word' id='word_1_59' title='bbox 975 1163 1042 1202; x_wconf 88' lang='lat' dir='ltr'>cnm</span> <span class='ocrx_word' id='word_1_60' title='bbox 1064 1144 1096 1201; x_wconf 90' lang='lat' dir='ltr'>in</span> <span class='ocrx_word' id='word_1_61' title='bbox 1119 1152 1205 1201; x_wconf 77' lang='lat' dir='ltr'>tunm</span> <span class='ocrx_word' id='word_1_62' title='bbox 1226 1141 1355 1200; x_wconf 79' lang='lat' dir='ltr'>vicinis</span> 
     </span>
     <span class='ocr_line' id='line_1_10' title="bbox 377 1238 1354 1317; baseline -0.005 -18"><span class='ocrx_word' id='word_1_63' title='bbox 377 1248 538 1301; x_wconf 74' lang='lat' dir='ltr'>castrorum</span> <span class='ocrx_word' id='word_1_64' title='bbox 551 1239 636 1298; x_wconf 86' lang='lat' dir='ltr'>nuile</span> <span class='ocrx_word' id='word_1_65' title='bbox 648 1258 706 1299; x_wconf 92' lang='lat' dir='ltr'>non</span> <span class='ocrx_word' id='word_1_66' title='bbox 718 1240 785 1299; x_wconf 83' lang='lat' dir='ltr'>dies</span> <span class='ocrx_word' id='word_1_67' title='bbox 796 1239 898 1309; x_wconf 91' lang='lat' dir='ltr'>modo,</span> <span class='ocrx_word' id='word_1_68' title='bbox 920 1239 974 1297; x_wconf 87' lang='lat' dir='ltr'>sed</span> <span class='ocrx_word' id='word_1_69' title='bbox 995 1259 1034 1297; x_wconf 91' lang='lat' dir='ltr'>ne</span> <span class='ocrx_word' id='word_1_70' title='bbox 1051 1238 1125 1297; x_wconf 83' lang='lat' dir='ltr'>bore</span> <span class='ocrx_word' id='word_1_71' title='bbox 1144 1238 1280 1317; x_wconf 87' lang='lat' dir='ltr'>quidem</span> <span class='ocrx_word' id='word_1_72' title='bbox 1295 1248 1354 1295; x_wconf 82' lang='lat' dir='ltr'>eut</span> 
     </span>
     <span class='ocr_line' id='line_1_11' title="bbox 376 1334 1352 1413; baseline -0.005 -19"><span class='ocrx_word' id='word_1_73' title='bbox 376 1335 545 1395; x_wconf 81' lang='lat' dir='ltr'>discrimine</span> <span class='ocrx_word' id='word_1_74' title='bbox 558 1334 663 1413; x_wconf 72' lang='lat' dir='ltr'>proelii,</span> <span class='ocrx_word' id='word_1_75' title='bbox 674 1345 727 1394; x_wconf 83' lang='lat' dir='ltr'>eut</span> <span class='ocrx_word' id='word_1_76' title='bbox 739 1344 819 1393; x_wconf 89' lang='lat' dir='ltr'>metu</span> <span class='ocrx_word' id='word_1_77' title='bbox 828 1344 959 1403; x_wconf 75' lang='lat' dir='ltr'>vocaret,</span> <span class='ocrx_word' id='word_1_78' title='bbox 966 1334 1190 1394; x_wconf 78' lang='lat' dir='ltr'>fortissimorum</span> <span class='ocrx_word' id='word_1_79' title='bbox 1199 1334 1352 1393; x_wconf 85' lang='lat' dir='ltr'>virorum</span> 
     </span>
     <span class='ocr_line' id='line_1_12' title="bbox 378 1427 1352 1509; baseline -0.003 -20"><span class='ocrx_word' id='word_1_80' title='bbox 378 1448 469 1509; x_wconf 84' lang='lat' dir='ltr'>opere</span> <span class='ocrx_word' id='word_1_81' title='bbox 481 1449 533 1508; x_wconf 91' lang='lat' dir='ltr'>per</span> <span class='ocrx_word' id='word_1_82' title='bbox 545 1430 711 1509; x_wconf 82' lang='lat' dir='ltr'>proximum</span> <span class='ocrx_word' id='word_1_83' title='bbox 725 1429 816 1488; x_wconf 69' lang='lat' dir='ltr'>ibrme</span> <span class='ocrx_word' id='word_1_84' title='bbox 828 1430 980 1489; x_wconf 87' lang='lat' dir='ltr'>biennium</span> <span class='ocrx_word' id='word_1_85' title='bbox 992 1428 1168 1488; x_wconf 85' lang='lat' dir='ltr'>ediderunt:</span> <span class='ocrx_word' id='word_1_86' title='bbox 1190 1448 1261 1486; x_wconf 90' lang='lat' dir='ltr'>non</span> <span class='ocrx_word' id='word_1_87' title='bbox 1275 1427 1352 1486; x_wconf 83' lang='lat' dir='ltr'>fessi</span> 
     </span>
     <span class='ocr_line' id='line_1_13' title="bbox 378 1522 1351 1603; baseline -0.003 -20"><span class='ocrx_word' id='word_1_88' title='bbox 378 1524 576 1603; x_wconf 78' lang='lat' dir='ltr'>cedentesque</span> <span class='ocrx_word' id='word_1_89' title='bbox 597 1525 735 1594; x_wconf 85' lang='lat' dir='ltr'>invicem,</span> <span class='ocrx_word' id='word_1_90' title='bbox 758 1544 854 1603; x_wconf 88' lang='lat' dir='ltr'>neque</span> <span class='ocrx_word' id='word_1_91' title='bbox 876 1544 931 1583; x_wconf 85' lang='lat' dir='ltr'>suu</span> <span class='ocrx_word' id='word_1_92' title='bbox 948 1533 1002 1583; x_wconf 84' lang='lat' dir='ltr'>eut</span> <span class='ocrx_word' id='word_1_93' title='bbox 1023 1524 1159 1593; x_wconf 80' lang='lat' dir='ltr'>victoris,</span> <span class='ocrx_word' id='word_1_94' title='bbox 1177 1532 1233 1581; x_wconf 83' lang='lat' dir='ltr'>eut</span> <span class='ocrx_word' id='word_1_95' title='bbox 1251 1522 1351 1581; x_wconf 83' lang='lat' dir='ltr'>clude</span> 
     </span>
     <span class='ocr_line' id='line_1_14' title="bbox 380 1618 1351 1700; baseline -0.001 -23"><span class='ocrx_word' id='word_1_96' title='bbox 380 1618 507 1687; x_wconf 84' lang='lat' dir='ltr'>diremti,</span> <span class='ocrx_word' id='word_1_97' title='bbox 521 1618 575 1677; x_wconf 86' lang='lat' dir='ltr'>sed</span> <span class='ocrx_word' id='word_1_98' title='bbox 588 1618 627 1678; x_wconf 83' lang='lat' dir='ltr'>ud</span> <span class='ocrx_word' id='word_1_99' title='bbox 637 1630 802 1679; x_wconf 89' lang='lat' dir='ltr'>extremum</span> <span class='ocrx_word' id='word_1_100' title='bbox 811 1640 899 1700; x_wconf 76' lang='lat' dir='ltr'>peres</span> <span class='ocrx_word' id='word_1_101' title='bbox 910 1620 1083 1698; x_wconf 81' lang='lat' dir='ltr'>invictique,</span> <span class='ocrx_word' id='word_1_102' title='bbox 1100 1628 1132 1677; x_wconf 88' lang='lat' dir='ltr'>et</span> <span class='ocrx_word' id='word_1_103' title='bbox 1144 1618 1251 1678; x_wconf 82' lang='lat' dir='ltr'>neveli</span> <span class='ocrx_word' id='word_1_104' title='bbox 1266 1619 1351 1676; x_wconf 83' lang='lat' dir='ltr'>inte-</span> 
     </span>
    </p>

    <p class='ocr_par' dir='ltr' id='par_1_5' title="bbox 217 1712 1351 2173">
     <span class='ocr_line' id='line_1_15' title="bbox 235 1712 1351 1794; baseline -0.007 -16"><span class='ocrx_word' id='word_1_105' title='bbox 235 1725 325 1778; x_wconf 77' lang='lat' dir='ltr'>Velisi.</span> <span class='ocrx_word' id='word_1_106' title='bbox 338 1742 358 1775; x_wconf 84' lang='grc' dir='ltr'>ι.</span> <span class='ocrx_word' id='word_1_107' title='bbox 380 1715 435 1773; x_wconf 83' lang='lat' dir='ltr'>rim</span> <span class='ocrx_word' id='word_1_108' title='bbox 448 1733 548 1794; x_wconf 81' lang='lat' dir='ltr'>pugne</span> <span class='ocrx_word' id='word_1_109' title='bbox 559 1713 677 1775; x_wconf 81' lang='lat' dir='ltr'>decreto</span> <span class='ocrx_word' id='word_1_110' title='bbox 690 1715 781 1775; x_wconf 84' lang='lat' dir='ltr'>bello.</span> <span class='ocrx_word' id='word_1_111' title='bbox 823 1714 936 1774; x_wconf 88' lang='lat' dir='ltr'>Iisdem</span> <span class='ocrx_word' id='word_1_112' title='bbox 952 1714 1123 1773; x_wconf 87' lang='lat' dir='ltr'>consulibus</span> <span class='ocrx_word' id='word_1_113' title='bbox 1141 1712 1351 1773; x_wconf 84' lang='lat' dir='ltr'>Brundisium</span> 
     </span>
     <span class='ocr_line' id='line_1_16' title="bbox 219 1792 1348 1921; baseline -0.003 -51"><span class='ocrx_word' id='word_1_114' title='bbox 219 1792 361 1921; x_wconf 51' lang='lat' dir='ltr'>ffl‘xlff:</span> <span class='ocrx_word' id='word_1_115' title='bbox 379 1809 410 1869; x_wconf 92' lang='lat' dir='ltr'>iu</span> <span class='ocrx_word' id='word_1_116' title='bbox 430 1828 502 1887; x_wconf 76' lang='lat' dir='ltr'>egro</span> <span class='ocrx_word' id='word_1_117' title='bbox 522 1808 688 1869; x_wconf 76' lang='lat' dir='ltr'>Sallentino</span> <span class='ocrx_word' id='word_1_118' title='bbox 706 1810 826 1872; x_wconf 80' lang='lat' dir='ltr'>colonis</span> <span class='ocrx_word' id='word_1_119' title='bbox 844 1809 973 1869; x_wconf 83' lang='lat' dir='ltr'>deducte</span> <span class='ocrx_word' id='word_1_120' title='bbox 993 1818 1049 1878; x_wconf 88' lang='lat' dir='ltr'>est,</span> <span class='ocrx_word' id='word_1_121' title='bbox 1069 1809 1247 1869; x_wconf 83' lang='lat' dir='ltr'>vicesimum</span> <span class='ocrx_word' id='word_1_122' title='bbox 1272 1816 1348 1888; x_wconf 83' lang='lat' dir='ltr'>post</span> 
     </span>
     <span class='ocr_line' id='line_1_17' title="bbox 218 1902 1349 1983; baseline -0.005 -17"><span class='ocrx_word' id='word_1_123' title='bbox 218 1922 321 1981; x_wconf 63' lang='lat' dir='ltr'>’om</span> <span class='ocrx_word' id='word_1_124' title='bbox 381 1924 501 1974; x_wconf 80' lang='lat' dir='ltr'>uuuum,</span> <span class='ocrx_word' id='word_1_125' title='bbox 515 1924 604 1983; x_wconf 83' lang='lat' dir='ltr'>quem</span> <span class='ocrx_word' id='word_1_126' title='bbox 619 1905 647 1964; x_wconf 89' lang='lat' dir='ltr'>in</span> <span class='ocrx_word' id='word_1_127' title='bbox 662 1904 842 1965; x_wconf 88' lang='lat' dir='ltr'>deditionem</span> <span class='ocrx_word' id='word_1_128' title='bbox 855 1904 989 1982; x_wconf 75' lang='lat' dir='ltr'>regiones</span> <span class='ocrx_word' id='word_1_129' title='bbox 1001 1905 1066 1963; x_wconf 65' lang='lat' dir='ltr'>iste</span> <span class='ocrx_word' id='word_1_130' title='bbox 1080 1913 1232 1964; x_wconf 83' lang='lat' dir='ltr'>venerunt.</span> <span class='ocrx_word' id='word_1_131' title='bbox 1276 1902 1349 1961; x_wconf 83' lang='lat' dir='ltr'>Sub</span> 
     </span>
     <span class='ocr_line' id='line_1_18' title="bbox 217 1984 1347 2112; baseline -0.002 -53"><span class='ocrx_word' id='word_1_132' title='bbox 217 1984 307 2112; x_wconf 51' lang='grc' dir='ltr'>Ἠ·</span> <span class='ocrx_word' id='word_1_133' title='bbox 316 2046 348 2095; x_wconf 46' lang='lat' dir='ltr'>a</span> <span class='ocrx_word' id='word_1_134' title='bbox 382 2000 462 2059; x_wconf 89' lang='lat' dir='ltr'>idem</span> <span class='ocrx_word' id='word_1_135' title='bbox 479 2006 597 2080; x_wconf 89' lang='lat' dir='ltr'>tempus</span> <span class='ocrx_word' id='word_1_136' title='bbox 609 2000 656 2059; x_wconf 87' lang='lat' dir='ltr'>Ti.</span> <span class='ocrx_word' id='word_1_137' title='bbox 671 2000 872 2068; x_wconf 74' lang='lat' dir='ltr'>commuuio,</span> <span class='ocrx_word' id='word_1_138' title='bbox 892 2001 944 2077; x_wconf 88' lang='lat' dir='ltr'>qui</span> <span class='ocrx_word' id='word_1_139' title='bbox 957 2000 1068 2079; x_wconf 85' lang='lat' dir='ltr'>primm</span> <span class='ocrx_word' id='word_1_140' title='bbox 1079 2019 1119 2058; x_wconf 87' lang='lat' dir='ltr'>ex</span> <span class='ocrx_word' id='word_1_141' title='bbox 1136 1999 1224 2079; x_wconf 85' lang='lat' dir='ltr'>plebe</span> <span class='ocrx_word' id='word_1_142' title='bbox 1239 1998 1347 2079; x_wconf 85' lang='lat' dir='ltr'>ponti-</span> 
     </span>
     <span class='ocr_line' id='line_1_19' title="bbox 219 2092 1346 2173; baseline -0.007 -14"><span class='ocrx_word' id='word_1_143' title='bbox 219 2126 306 2159; x_wconf 77' lang='lat' dir='ltr'>suuum</span> <span class='ocrx_word' id='word_1_144' title='bbox 314 2114 373 2160; x_wconf 75' lang='lat' dir='ltr'>nlo.</span> <span class='ocrx_word' id='word_1_145' title='bbox 382 2093 504 2155; x_wconf 75' lang='lat' dir='ltr'>ficuum</span> <span class='ocrx_word' id='word_1_146' title='bbox 516 2096 678 2155; x_wconf 73' lang='lat' dir='ltr'>maximnm</span> <span class='ocrx_word' id='word_1_147' title='bbox 690 2106 829 2173; x_wconf 75' lang='lat' dir='ltr'>gesserat,</span> <span class='ocrx_word' id='word_1_148' title='bbox 843 2095 873 2152; x_wconf 90' lang='lat' dir='ltr'>in</span> <span class='ocrx_word' id='word_1_149' title='bbox 886 2103 1020 2153; x_wconf 80' lang='lat' dir='ltr'>extreme</span> <span class='ocrx_word' id='word_1_150' title='bbox 1028 2096 1149 2153; x_wconf 72' lang='lat' dir='ltr'>senecta</span> <span class='ocrx_word' id='word_1_151' title='bbox 1157 2102 1292 2163; x_wconf 87' lang='lat' dir='ltr'>mortuo,</span> <span class='ocrx_word' id='word_1_152' title='bbox 1307 2092 1346 2151; x_wconf 82' lang='lat' dir='ltr'>L.</span> 
     </span>
    </p>
   </div>
   <div class='ocr_carea' id='block_1_4' title="bbox 217 2172 1088 2289">
    <p class='ocr_par' dir='ltr' id='par_1_6' title="bbox 217 2172 1088 2289">
     <span class='ocr_line' id='line_1_20' title="bbox 217 2172 1088 2289; baseline 0.022 -46"><span class='ocrx_word' id='word_1_153' title='bbox 217 2172 725 2289; x_wconf 48' lang='lat' dir='ltr'>gafu·⁰··cmrnusn10e11nin</span> <span class='ocrx_word' id='word_1_154' title='bbox 740 2191 837 2250; x_wconf 67' lang='lat' dir='ltr'>rosum</span> <span class='ocrx_word' id='word_1_155' title='bbox 850 2191 915 2267; x_wconf 78' lang='lat' dir='ltr'>ejus</span> <span class='ocrx_word' id='word_1_156' title='bbox 926 2189 1024 2249; x_wconf 75' lang='lat' dir='ltr'>facus</span> <span class='ocrx_word' id='word_1_157' title='bbox 1034 2200 1088 2249; x_wconf 71' lang='lat' dir='ltr'>et</span> 
     </span>
    </p>
   </div>
   <div class='ocr_carea' id='block_1_5' title="bbox 385 2283 1447 2467">
    <p class='ocr_par' dir='ltr' id='par_1_7' title="bbox 385 2283 1447 2467">
     <span class='ocr_line' id='line_1_21' title="bbox 425 2283 1447 2349; baseline -0.014 -3"><span class='ocrx_word' id='word_1_158' title='bbox 425 2294 475 2346; x_wconf 79' lang='lat'>51.</span> <span class='ocrx_word' id='word_1_159' title='bbox 497 2285 800 2345; x_wconf 84' lang='lat' dir='ltr'>Intereeconsuletus</span> <span class='ocrx_word' id='word_1_160' title='bbox 813 2285 923 2345; x_wconf 64' lang='lat' dir='ltr'>Minue</span> <span class='ocrx_word' id='word_1_161' title='bbox 944 2285 983 2343; x_wconf 79' lang='lat' dir='ltr'>G.</span> <span class='ocrx_word' id='word_1_162' title='bbox 998 2284 1158 2343; x_wconf 69' lang='lat' dir='ltr'>Fundanio</span> <span class='ocrx_word' id='word_1_163' title='bbox 1176 2284 1215 2342; x_wconf 79' lang='lat' dir='ltr'>C.</span> <span class='ocrx_word' id='word_1_164' title='bbox 1239 2284 1280 2342; x_wconf 88' lang='lat' dir='ltr'>F.</span> <span class='ocrx_word' id='word_1_165' title='bbox 1296 2283 1343 2349; x_wconf 79' lang='lat' dir='ltr'>Q.</span> <span class='ocrx_word' id='word_1_166' title='bbox 1446 2333 1447 2348; x_wconf 46' lang='grc'>,</span> 
     </span>
     <span class='ocr_line' id='line_1_22' title="bbox 385 2385 1447 2467; baseline -0.01 -18"><span class='ocrx_word' id='word_1_167' title='bbox 385 2388 431 2448; x_wconf 89' lang='grc' dir='ltr'>Ν.</span> <span class='ocrx_word' id='word_1_168' title='bbox 446 2388 597 2458; x_wconf 89' lang='lat' dir='ltr'>Fundulo,</span> <span class='ocrx_word' id='word_1_169' title='bbox 609 2387 647 2446; x_wconf 82' lang='lat' dir='ltr'>C.</span> <span class='ocrx_word' id='word_1_170' title='bbox 662 2386 799 2467; x_wconf 89' lang='lat' dir='ltr'>Sulpicio</span> <span class='ocrx_word' id='word_1_171' title='bbox 812 2388 849 2448; x_wconf 82' lang='lat' dir='ltr'>C.</span> <span class='ocrx_word' id='word_1_172' title='bbox 865 2388 901 2448; x_wconf 88' lang='lat' dir='ltr'>F.</span> <span class='ocrx_word' id='word_1_173' title='bbox 914 2388 978 2449; x_wconf 87' lang='lat' dir='ltr'>Ser.</span> <span class='ocrx_word' id='word_1_174' title='bbox 990 2388 1035 2448; x_wconf 89' lang='lat' dir='ltr'>N.</span> <span class='ocrx_word' id='word_1_175' title='bbox 1050 2387 1144 2447; x_wconf 87' lang='lat' dir='ltr'>Guilo</span> <span class='ocrx_word' id='word_1_176' title='bbox 1156 2385 1342 2447; x_wconf 60' lang='lat' dir='ltr'>mundetur!</span> <span class='ocrx_word' id='word_1_177' title='bbox 1446 2391 1447 2400; x_wconf 55' lang='lat'><em>³</em></span> 
     </span>
    </p>
   </div>
   <div class='ocr_carea' id='block_1_6' title="bbox 219 2480 1342 4073">
    <p class='ocr_par' dir='ltr' id='par_1_8' title="bbox 219 2480 1342 3422">
     <span class='ocr_line' id='line_1_23' title="bbox 383 2480 1342 2562; baseline -0.002 -20"><span class='ocrx_word' id='word_1_178' title='bbox 383 2480 460 2542; x_wconf 82' lang='lat' dir='ltr'>Tum</span> <span class='ocrx_word' id='word_1_179' title='bbox 473 2502 592 2562; x_wconf 89' lang='lat' dir='ltr'>quoque</span> <span class='ocrx_word' id='word_1_180' title='bbox 606 2484 670 2561; x_wconf 83' lang='lat' dir='ltr'>peri</span> <span class='ocrx_word' id='word_1_181' title='bbox 682 2481 779 2542; x_wconf 81' lang='lat' dir='ltr'>forme</span> <span class='ocrx_word' id='word_1_182' title='bbox 793 2491 825 2542; x_wconf 88' lang='lat' dir='ltr'>et</span> <span class='ocrx_word' id='word_1_183' title='bbox 844 2484 974 2554; x_wconf 78' lang='lat' dir='ltr'>fortune,</span> <span class='ocrx_word' id='word_1_184' title='bbox 995 2493 1030 2543; x_wconf 86' lang='lat' dir='ltr'>ut</span> <span class='ocrx_word' id='word_1_185' title='bbox 1046 2484 1200 2552; x_wconf 73' lang='lat' dir='ltr'>hacteuus,</span> <span class='ocrx_word' id='word_1_186' title='bbox 1222 2482 1342 2541; x_wconf 81' lang='lat' dir='ltr'>bellum</span> 
     </span>
     <span class='ocr_line' id='line_1_24' title="bbox 219 2576 1341 2658; baseline -0.008 -14"><span class='ocrx_word' id='word_1_187' title='bbox 219 2597 305 2647; x_wconf 72' lang='lat' dir='ltr'>zuen.</span> <span class='ocrx_word' id='word_1_188' title='bbox 381 2598 449 2639; x_wconf 84' lang='lat' dir='ltr'>oum</span> <span class='ocrx_word' id='word_1_189' title='bbox 464 2576 641 2639; x_wconf 83' lang='lat' dir='ltr'>Humiloure</span> <span class='ocrx_word' id='word_1_190' title='bbox 662 2585 776 2655; x_wconf 76' lang='lat' dir='ltr'>gestum</span> <span class='ocrx_word' id='word_1_191' title='bbox 788 2588 851 2638; x_wconf 87' lang='lat' dir='ltr'>est:</span> <span class='ocrx_word' id='word_1_192' title='bbox 873 2579 928 2638; x_wconf 87' lang='lat' dir='ltr'>nisi</span> <span class='ocrx_word' id='word_1_193' title='bbox 945 2579 1026 2658; x_wconf 88' lang='lat' dir='ltr'>quod</span> <span class='ocrx_word' id='word_1_194' title='bbox 1043 2578 1203 2638; x_wconf 80' lang='lat' dir='ltr'>Guiiorum</span> <span class='ocrx_word' id='word_1_195' title='bbox 1221 2596 1341 2636; x_wconf 86' lang='lat' dir='ltr'>meree·</span> 
     </span>
     <span class='ocr_line' id='line_1_25' title="bbox 221 2671 1341 2757; baseline -0.011 -15"><span class='ocrx_word' id='word_1_196' title='bbox 221 2690 372 2757; x_wconf 64' lang='lat' dir='ltr'>Polybnrn.</span> <span class='ocrx_word' id='word_1_197' title='bbox 383 2675 465 2734; x_wconf 77' lang='lat' dir='ltr'>ueris</span> <span class='ocrx_word' id='word_1_198' title='bbox 478 2692 592 2743; x_wconf 77' lang='lat' dir='ltr'>munus,</span> <span class='ocrx_word' id='word_1_199' title='bbox 615 2671 725 2752; x_wconf 77' lang='lat' dir='ltr'>aliique</span> <span class='ocrx_word' id='word_1_200' title='bbox 739 2672 875 2733; x_wconf 86' lang='lat' dir='ltr'>nonnulii</span> <span class='ocrx_word' id='word_1_201' title='bbox 888 2676 939 2753; x_wconf 91' lang='lat' dir='ltr'>qui</span> <span class='ocrx_word' id='word_1_202' title='bbox 953 2674 1056 2734; x_wconf 85' lang='lat' dir='ltr'>Poeuis</span> <span class='ocrx_word' id='word_1_203' title='bbox 1070 2674 1283 2742; x_wconf 68' lang='lat' dir='ltr'>militaverunt,</span> <span class='ocrx_word' id='word_1_204' title='bbox 1298 2672 1341 2731; x_wconf 90' lang='lat' dir='ltr'>ob</span> 
     </span>
     <span class='ocr_line' id='line_1_26' title="bbox 220 2766 1339 2857; baseline -0.013 -18"><span class='ocrx_word' id='word_1_205' title='bbox 220 2768 531 2857; x_wconf 57' lang='lat' dir='ltr'>eurynrmmipsndu</span> <span class='ocrx_word' id='word_1_206' title='bbox 553 2788 611 2828; x_wconf 92' lang='lat' dir='ltr'>nou</span> <span class='ocrx_word' id='word_1_207' title='bbox 633 2766 733 2828; x_wconf 84' lang='lat' dir='ltr'>solute</span> <span class='ocrx_word' id='word_1_208' title='bbox 750 2769 929 2848; x_wconf 71' lang='lat' dir='ltr'>injuriasque</span> <span class='ocrx_word' id='word_1_209' title='bbox 946 2767 1033 2838; x_wconf 82' lang='lat' dir='ltr'>elius,</span> <span class='ocrx_word' id='word_1_210' title='bbox 1052 2768 1213 2848; x_wconf 81' lang='lat' dir='ltr'>Erycinum</span> <span class='ocrx_word' id='word_1_211' title='bbox 1231 2770 1339 2827; x_wconf 88' lang='lat' dir='ltr'>urbem</span> 
     </span>
     <span class='ocr_line' id='line_1_27' title="bbox 384 2862 1338 2944; baseline -0.004 -19"><span class='ocrx_word' id='word_1_212' title='bbox 384 2862 530 2925; x_wconf 66' lang='lat' dir='ltr'>Romanis</span> <span class='ocrx_word' id='word_1_213' title='bbox 546 2866 645 2925; x_wconf 82' lang='lat' dir='ltr'>consti</span> <span class='ocrx_word' id='word_1_214' title='bbox 662 2862 796 2944; x_wconf 86' lang='lat' dir='ltr'>prodere,</span> <span class='ocrx_word' id='word_1_215' title='bbox 811 2865 866 2941; x_wconf 89' lang='lat' dir='ltr'>(ibi</span> <span class='ocrx_word' id='word_1_216' title='bbox 878 2865 957 2924; x_wconf 89' lang='lat' dir='ltr'>enim</span> <span class='ocrx_word' id='word_1_217' title='bbox 975 2863 1140 2944; x_wconf 72' lang='lat' dir='ltr'>presidium</span> <span class='ocrx_word' id='word_1_218' title='bbox 1152 2863 1338 2941; x_wconf 50' lang='lat' dir='ltr'>egittheum)</span> 
     </span>
     <span class='ocr_line' id='line_1_28' title="bbox 384 2958 1336 3043; baseline -0.007 -22"><span class='ocrx_word' id='word_1_219' title='bbox 384 2969 538 3043; x_wconf 81' lang='lat' dir='ltr'>postquem</span> <span class='ocrx_word' id='word_1_220' title='bbox 548 2959 702 3020; x_wconf 85' lang='lat' dir='ltr'>consilinm</span> <span class='ocrx_word' id='word_1_221' title='bbox 710 2959 823 3019; x_wconf 86' lang='lat' dir='ltr'>irritum</span> <span class='ocrx_word' id='word_1_222' title='bbox 831 2960 898 3030; x_wconf 79' lang='lat' dir='ltr'>suit,</span> <span class='ocrx_word' id='word_1_223' title='bbox 909 2958 1336 3035; x_wconf 76' lang='lat' dir='ltr'>udeousuiestrunsiugerunt:</span> 
     </span>
     <span class='ocr_line' id='line_1_29' title="bbox 219 3052 1338 3137; baseline -0.005 -21"><span class='ocrx_word' id='word_1_224' title='bbox 219 3054 306 3103; x_wconf 62' lang='grc' dir='ltr'>Μ·</span> <span class='ocrx_word' id='word_1_225' title='bbox 384 3056 528 3137; x_wconf 82' lang='lat' dir='ltr'>primique</span> <span class='ocrx_word' id='word_1_226' title='bbox 555 3064 722 3115; x_wconf 83' lang='lat' dir='ltr'>exterorum</span> <span class='ocrx_word' id='word_1_227' title='bbox 743 3056 783 3115; x_wconf 81' lang='lat' dir='ltr'>ub</span> <span class='ocrx_word' id='word_1_228' title='bbox 807 3054 955 3115; x_wconf 64' lang='lat' dir='ltr'>Mmuuis</span> <span class='ocrx_word' id='word_1_229' title='bbox 972 3056 1001 3115; x_wconf 91' lang='lat' dir='ltr'>in</span> <span class='ocrx_word' id='word_1_230' title='bbox 1021 3054 1228 3115; x_wconf 78' lang='lat' dir='ltr'>commilitium</span> <span class='ocrx_word' id='word_1_231' title='bbox 1251 3052 1338 3113; x_wconf 77' lang='lat' dir='ltr'>ssciti</span> 
     </span>
     <span class='ocr_line' id='line_1_30' title="bbox 383 3147 1336 3231; baseline -0.006 -20"><span class='ocrx_word' id='word_1_232' title='bbox 383 3160 460 3212; x_wconf 88' lang='lat' dir='ltr'>sunt.</span> <span class='ocrx_word' id='word_1_233' title='bbox 503 3150 556 3213; x_wconf 85' lang='lat' dir='ltr'>Sic</span> <span class='ocrx_word' id='word_1_234' title='bbox 568 3151 663 3211; x_wconf 76' lang='lat' dir='ltr'>auctis</span> <span class='ocrx_word' id='word_1_235' title='bbox 678 3150 802 3220; x_wconf 85' lang='lat' dir='ltr'>viribus,</span> <span class='ocrx_word' id='word_1_236' title='bbox 822 3158 923 3211; x_wconf 77' lang='lat' dir='ltr'>tumen</span> <span class='ocrx_word' id='word_1_237' title='bbox 943 3149 1071 3231; x_wconf 80' lang='lat' dir='ltr'>pedestri</span> <span class='ocrx_word' id='word_1_238' title='bbox 1091 3148 1225 3209; x_wconf 83' lang='lat' dir='ltr'>exercitu</span> <span class='ocrx_word' id='word_1_239' title='bbox 1245 3147 1336 3207; x_wconf 86' lang='lat' dir='ltr'>finem</span> 
     </span>
     <span class='ocr_line' id='line_1_31' title="bbox 384 3240 1337 3325; baseline -0.006 -19"><span class='ocrx_word' id='word_1_240' title='bbox 384 3244 464 3307; x_wconf 82' lang='lat' dir='ltr'>bello</span> <span class='ocrx_word' id='word_1_241' title='bbox 476 3246 624 3325; x_wconf 83' lang='lat' dir='ltr'>imponere</span> <span class='ocrx_word' id='word_1_242' title='bbox 638 3264 697 3304; x_wconf 92' lang='lat' dir='ltr'>non</span> <span class='ocrx_word' id='word_1_243' title='bbox 709 3254 856 3324; x_wconf 86' lang='lat' dir='ltr'>poterent,</span> <span class='ocrx_word' id='word_1_244' title='bbox 867 3246 1025 3306; x_wconf 86' lang='lat' dir='ltr'>obsistente</span> <span class='ocrx_word' id='word_1_245' title='bbox 1033 3244 1203 3325; x_wconf 85' lang='lat' dir='ltr'>cumprimis</span> <span class='ocrx_word' id='word_1_246' title='bbox 1210 3240 1337 3303; x_wconf 80' lang='lat' dir='ltr'>Humi!-</span> 
     </span>
     <span class='ocr_line' id='line_1_32' title="bbox 383 3338 1337 3422; baseline -0.004 -21"><span class='ocrx_word' id='word_1_247' title='bbox 383 3342 461 3401; x_wconf 86' lang='lat' dir='ltr'>ceris</span> <span class='ocrx_word' id='word_1_248' title='bbox 472 3340 609 3410; x_wconf 68' lang='lat' dir='ltr'>sudwic,</span> <span class='ocrx_word' id='word_1_249' title='bbox 623 3341 675 3419; x_wconf 92' lang='lat' dir='ltr'>qui</span> <span class='ocrx_word' id='word_1_250' title='bbox 693 3358 789 3419; x_wconf 90' lang='lat' dir='ltr'>neque</span> <span class='ocrx_word' id='word_1_251' title='bbox 802 3340 901 3422; x_wconf 87' lang='lat' dir='ltr'>decipi</span> <span class='ocrx_word' id='word_1_252' title='bbox 919 3341 1008 3412; x_wconf 86' lang='lat' dir='ltr'>dolis,</span> <span class='ocrx_word' id='word_1_253' title='bbox 1033 3360 1129 3421; x_wconf 90' lang='lat' dir='ltr'>neque</span> <span class='ocrx_word' id='word_1_254' title='bbox 1140 3339 1255 3400; x_wconf 59' lang='lat' dir='ltr'>domm</span> <span class='ocrx_word' id='word_1_255' title='bbox 1267 3338 1337 3398; x_wconf 79' lang='lat' dir='ltr'>viri·</span> 
     </span>
    </p>

    <p class='ocr_par' dir='ltr' id='par_1_9' title="bbox 221 3428 1335 4073">
     <span class='ocr_line' id='line_1_33' title="bbox 221 3428 1335 3516; baseline -0.005 -19"><span class='ocrx_word' id='word_1_256' title='bbox 221 3446 372 3513; x_wconf 60' lang='lat' dir='ltr'>Pupienus.</span> <span class='ocrx_word' id='word_1_257' title='bbox 384 3428 439 3495; x_wconf 81' lang='lat' dir='ltr'>bus</span> <span class='ocrx_word' id='word_1_258' title='bbox 451 3431 630 3516; x_wconf 77' lang='lat' dir='ltr'>pstiebumr.</span> <span class='ocrx_word' id='word_1_259' title='bbox 674 3434 756 3515; x_wconf 75' lang='lat' dir='ltr'>Ergo</span> <span class='ocrx_word' id='word_1_260' title='bbox 775 3436 875 3497; x_wconf 87' lang='lat' dir='ltr'>denuo</span> <span class='ocrx_word' id='word_1_261' title='bbox 894 3437 1021 3497; x_wconf 80' lang='lat' dir='ltr'>redimus</span> <span class='ocrx_word' id='word_1_262' title='bbox 1044 3445 1090 3496; x_wconf 79' lang='lat' dir='ltr'>est</span> <span class='ocrx_word' id='word_1_263' title='bbox 1108 3435 1147 3494; x_wconf 83' lang='lat' dir='ltr'>ed</span> <span class='ocrx_word' id='word_1_264' title='bbox 1166 3433 1270 3494; x_wconf 69' lang='lat' dir='ltr'>clunis</span> <span class='ocrx_word' id='word_1_265' title='bbox 1289 3434 1335 3491; x_wconf 73' lang='lat' dir='ltr'>&#39;n-</span> 
     </span>
     <span class='ocr_line' id='line_1_34' title="bbox 383 3528 1334 3613; baseline -0.002 -23"><span class='ocrx_word' id='word_1_266' title='bbox 383 3528 552 3590; x_wconf 77' lang='lat' dir='ltr'>steursudae</span> <span class='ocrx_word' id='word_1_267' title='bbox 563 3529 699 3603; x_wconf 83' lang='lat' dir='ltr'>consilis,</span> <span class='ocrx_word' id='word_1_268' title='bbox 718 3533 864 3613; x_wconf 84' lang='lat' dir='ltr'>murisque</span> <span class='ocrx_word' id='word_1_269' title='bbox 879 3531 1050 3613; x_wconf 83' lang='lat' dir='ltr'>repetendi:</span> <span class='ocrx_word' id='word_1_270' title='bbox 1073 3540 1145 3591; x_wconf 87' lang='lat' dir='ltr'>‘uec</span> <span class='ocrx_word' id='word_1_271' title='bbox 1156 3529 1236 3589; x_wconf 90' lang='lat' dir='ltr'>euim</span> <span class='ocrx_word' id='word_1_272' title='bbox 1248 3528 1334 3588; x_wconf 75' lang='lat' dir='ltr'>diter</span> 
     </span>
     <span class='ocr_line' id='line_1_35' title="bbox 380 3624 1335 3708; baseline -0.004 -20"><span class='ocrx_word' id='word_1_273' title='bbox 380 3642 467 3707; x_wconf 83' lang='lat' dir='ltr'>posse</span> <span class='ocrx_word' id='word_1_274' title='bbox 490 3624 750 3705; x_wconf 75' lang='lat' dir='ltr'>Oertbuginienses</span> <span class='ocrx_word' id='word_1_275' title='bbox 769 3628 918 3708; x_wconf 85' lang='lat' dir='ltr'>prohiberi</span> <span class='ocrx_word' id='word_1_276' title='bbox 941 3627 1057 3697; x_wconf 82' lang='lat' dir='ltr'>Sicilie,</span> <span class='ocrx_word' id='word_1_277' title='bbox 1079 3645 1171 3707; x_wconf 84' lang='lat' dir='ltr'>quem</span> <span class='ocrx_word' id='word_1_278' title='bbox 1193 3625 1220 3685; x_wconf 84' lang='lat' dir='ltr'>si</span> <span class='ocrx_word' id='word_1_279' title='bbox 1246 3624 1335 3685; x_wconf 70' lang='lat' dir='ltr'>mnis</span> 
     </span>
     <span class='ocr_line' id='line_1_36' title="bbox 383 3720 1334 3804; baseline -0.004 -22"><span class='ocrx_word' id='word_1_280' title='bbox 383 3740 467 3782; x_wconf 89' lang='lat' dir='ltr'>usum</span> <span class='ocrx_word' id='word_1_281' title='bbox 486 3720 708 3804; x_wconf 74' lang='lat' dir='ltr'>perdidimeutt&#39;</span> <span class='ocrx_word' id='word_1_282' title='bbox 728 3742 869 3804; x_wconf 89' lang='lat' dir='ltr'>spemque</span> <span class='ocrx_word' id='word_1_283' title='bbox 893 3744 952 3784; x_wconf 92' lang='lat' dir='ltr'>uon</span> <span class='ocrx_word' id='word_1_284' title='bbox 973 3722 1125 3803; x_wconf 73' lang='lat' dir='ltr'>wlgurem</span> <span class='ocrx_word' id='word_1_285' title='bbox 1142 3722 1274 3783; x_wconf 78' lang='lat' dir='ltr'>iecerunt</span> <span class='ocrx_word' id='word_1_286' title='bbox 1289 3738 1334 3779; x_wconf 85' lang='lat' dir='ltr'>nes</span> 
     </span>
     <span class='ocr_line' id='line_1_37' title="bbox 383 3814 1333 3899; baseline -0.004 -21"><span class='ocrx_word' id='word_1_287' title='bbox 383 3814 581 3899; x_wconf 84' lang='lat' dir='ltr'>sup&#39;erioribus</span> <span class='ocrx_word' id='word_1_288' title='bbox 597 3818 681 3879; x_wconf 84' lang='lat' dir='ltr'>suuis</span> <span class='ocrx_word' id='word_1_289' title='bbox 696 3818 876 3899; x_wconf 86' lang='lat' dir='ltr'>prirutorum</span> <span class='ocrx_word' id='word_1_290' title='bbox 893 3839 965 3879; x_wconf 77' lang='lat' dir='ltr'>amu</span> <span class='ocrx_word' id='word_1_291' title='bbox 978 3820 1054 3879; x_wconf 91' lang='lat' dir='ltr'>bene</span> <span class='ocrx_word' id='word_1_292' title='bbox 1066 3827 1165 3898; x_wconf 64' lang='lat' dir='ltr'>geste.</span> <span class='ocrx_word' id='word_1_293' title='bbox 1207 3814 1269 3874; x_wconf 88' lang='lat' dir='ltr'>Sed</span> <span class='ocrx_word' id='word_1_294' title='bbox 1281 3834 1333 3894; x_wconf 79' lang='lat' dir='ltr'>pe</span> 
     </span>
     <span class='ocr_line' id='line_1_38' title="bbox 383 3909 1335 3987; baseline -0.007 -12"><span class='ocrx_word' id='word_1_295' title='bbox 383 3916 471 3975; x_wconf 82' lang='lat' dir='ltr'>cuuis</span> <span class='ocrx_word' id='word_1_296' title='bbox 484 3914 597 3987; x_wconf 76' lang='lat' dir='ltr'>deerat,</span> <span class='ocrx_word' id='word_1_297' title='bbox 612 3914 692 3974; x_wconf 83' lang='lat' dir='ltr'>innui</span> <span class='ocrx_word' id='word_1_298' title='bbox 704 3914 816 3975; x_wconf 91' lang='lat' dir='ltr'>dudum</span> <span class='ocrx_word' id='word_1_299' title='bbox 836 3916 951 3987; x_wconf 77' lang='lat' dir='ltr'>serenio,</span> <span class='ocrx_word' id='word_1_300' title='bbox 966 3924 998 3976; x_wconf 90' lang='lat' dir='ltr'>et</span> <span class='ocrx_word' id='word_1_301' title='bbox 1009 3909 1121 3975; x_wconf 81' lang='lat' dir='ltr'>sumtus</span> <span class='ocrx_word' id='word_1_302' title='bbox 1132 3924 1195 3973; x_wconf 82' lang='lat' dir='ltr'>tum</span> <span class='ocrx_word' id='word_1_303' title='bbox 1205 3909 1335 3970; x_wconf 87' lang='lat' dir='ltr'>diuturni</span> 
     </span>
     <span class='ocr_line' id='line_1_39' title="bbox 380 4008 728 4073; baseline 0.003 -5"><span class='ocrx_word' id='word_1_304' title='bbox 380 4008 455 4069; x_wconf 90' lang='lat' dir='ltr'>belii</span> <span class='ocrx_word' id='word_1_305' title='bbox 469 4012 546 4073; x_wconf 81' lang='lat' dir='ltr'>mele</span> <span class='ocrx_word' id='word_1_306' title='bbox 559 4012 728 4073; x_wconf 86' lang='lat' dir='ltr'>sustinente.</span> 
     </span>
    </p>
   </div>
   <div class='ocr_carea' id='block_1_7' title="bbox 646 4164 1026 4216">
    <p class='ocr_par' dir='ltr' id='par_1_10' title="bbox 646 4164 1026 4216">
     <span class='ocr_line' id='line_1_40' title="bbox 646 4164 1026 4216; baseline -0.005 -1"><span class='ocrx_word' id='word_1_307' title='bbox 646 4166 654 4199; x_wconf 73' lang='lat'>¹</span> <span class='ocrx_word' id='word_1_308' title='bbox 672 4166 703 4215; x_wconf 76' lang='lat' dir='ltr'>A.</span> <span class='ocrx_word' id='word_1_309' title='bbox 715 4167 748 4215; x_wconf 83' lang='lat' dir='ltr'>U·</span> <span class='ocrx_word' id='word_1_310' title='bbox 762 4164 793 4213; x_wconf 85' lang='lat' dir='ltr'>C.</span> <span class='ocrx_word' id='word_1_311' title='bbox 806 4168 863 4213; x_wconf 75' lang='lat'><strong>6⁰9.</strong></span> <span class='ocrx_word' id='word_1_312' title='bbox 882 4165 915 4214; x_wconf 74' lang='lat' dir='ltr'>A.</span> <span class='ocrx_word' id='word_1_313' title='bbox 926 4166 957 4216; x_wconf 81' lang='lat' dir='ltr'>C.</span> <span class='ocrx_word' id='word_1_314' title='bbox 968 4168 1026 4215; x_wconf 71' lang='lat'>248.</span> 
     </span>
    </p>
   </div>
   <div class='ocr_carea' id='block_1_8' title="bbox 0 0 1464 4767">
    <p class='ocr_par' dir='ltr' id='par_1_11' title="bbox 0 0 1464 4767">
     <span class='ocr_line' id='line_1_41' title="bbox 0 0 1464 4767; baseline 0 3"><span class='ocrx_word' id='word_1_315' title='bbox 0 0 1464 4767; x_wconf 95' lang='lat' dir='ltr'> </span> 
     </span>
    </p>
   </div>
  </div>
 </body>
</html>
