2917 4767
226 354 315 425 2⁰18
702 370 737 419 r.
756 369 853 419 urvrr

229 516 402 581 emiserat:
435 511 685 596 arcessitosque
708 532 748 577 se
773 514 817 579 ab
838 513 1028 579 triumviris
1054 514 1233 579 mensariis
1258 534 1342 580 esse

229 618 394 693 dixerunt,
420 623 459 678 ut
485 614 592 697 pretia
621 632 793 679 servornm
825 616 1030 697 acciperent.
1083 615 1246 680 Ceterum
1269 634 1341 680 nou

229 728 319 796 ante,
343 736 446 800 quarn
469 716 557 780 bello
583 715 750 795 coniecto,
777 721 977 799 accepturos
1003 737 1091 782 esse.
1146 716 1238 781 Gnm
1263 717 1343 783 brec

229 820 402 885 inclinatio
426 817 611 883 animorum
627 818 740 901 plebis
760 819 802 883 ad
829 819 1058 884 sustinendam
1082 820 1235 902 inopiam
1253 838 1343 883 mra-

229 924 269 987 rii
294 922 407 1000 lieret3
439 919 594 1003 pecuniae
617 937 755 1005 quoque
778 921 967 1004 pupillares
991 922 1113 1004 primo,
1140 920 1267 985 deiude
1288 923 1341 986 vi-

230 1024 385 1100 duarum,
409 1028 533 1106 coepta
557 1020 721 1102 conferri3
754 1041 918 1106 nusqmm
944 1042 1003 1087 eas
1031 1024 1137 1087 tutius
1165 1022 1341 1086 sanctine

231 1145 298 1210 que
312 1126 476 1208 deponere
491 1123 718 1198 credentibus,
733 1123 793 1207 qui
808 1123 1012 1199 deferebant,
1026 1138 1129 1208 quarn
1148 1124 1184 1187 in
1200 1124 1344 1207 publica

231 1228 311 1294 lide.
355 1226 446 1303 lude,
461 1227 491 1292 ai
507 1226 587 1310 quid
603 1232 726 1291 emtum
750 1233 973 1310 paratumque
996 1228 1136 1311 pupillis
1159 1246 1203 1291 ac
1225 1226 1343 1291 viduis

231 1332 326 1406 soret,
342 1349 364 1394 a
377 1334 544 1413 quaestore
566 1330 859 1411 perscribebatur!
903 1328 1059 1394 Manavit
1073 1348 1115 1393 ea
1129 1328 1344 1412 privatorum

233 1430 422 1514 benignitas
436 1449 481 1494 ex
496 1432 578 1495 urbe
593 1432 695 1495 etiarn
711 1432 748 1495 in
762 1437 889 1509 castra,
904 1437 942 1495 ut
955 1451 1022 1496 non
1035 1450 1152 1515 eques,
1173 1449 1243 1494 non
1264 1448 1343 1495 ceu-

233 1532 324 1597 turio
349 1531 554 1615 stipendium
576 1531 779 1615 acciperent,
794 1533 1104 1617 mercenariumque
1124 1534 1344 1618 increpantes

233 1642 404 1713 uocarent,
419 1634 477 1717 qui
493 1632 696 1717 accepisset

276 1736 330 1803 19.
346 1734 392 1815 Q.
409 1735 540 1799 Fabius
556 1736 676 1801 consul
688 1735 734 1801 ad
746 1735 931 1809 Casilinum
947 1743 1062 1802 castra
1074 1735 1343 1820 habebat,quod

235 1840 339 1905 dnum
367 1837 510 1903 millium
538 1836 784 1921 Campanorum
815 1846 851 1902 et
881 1840 1170 1922 septingentorum
1196 1837 1345 1901 militum

236 1940 443 2005 Hannibalis
464 1940 641 2005 tenebatur
656 1939 828 2023 praesidio.
871 1938 1022 2004 Praeerat
1036 1938 1168 2003 Statius
1185 1936 1346 2015 Metius:

235 2043 361 2108 missus
376 2045 420 2107 ab
433 2042 497 2107 Cn.
513 2041 632 2124 Magio
648 2039 821 2120 Atellano,
836 2041 895 2124 qui
916 2060 958 2105 eo
979 2060 1067 2105 anno
1093 2039 1345 2107 Medixtuticus

237 2152 320 2224 erat,
336 2144 542 2227 servitiaque
558 2150 593 2208 et
611 2142 746 2227 plebem
769 2142 963 2225 promiscue
985 2142 1144 2218 armabat,
1169 2148 1210 2205 ut
1231 2148 1347 2206 casua

238 2244 396 2311 Romana
420 2244 603 2321 invaderet,
626 2243 757 2308 intento
783 2244 921 2308 consule
941 2242 985 2308 ad
1001 2242 1188 2307 Casilinum
1211 2262 1346 2327 oppug·
1452 2284 1453 2330 3

235 2345 394 2409 nandum.
439 2344 534 2409 Nibil
548 2362 665 2408 eorum
687 2342 833 2409 Fabium
851 2344 975 2410 fefellit.
1018 2332 1140 2427 ltaque
1155 2344 1346 2411 Nolamad

237 2446 403 2529 collegam
426 2445 542 2525 mittit,
563 2445 699 2510 ‘altero
714 2446 880 2524 exercitu,
901 2447 982 2511 dum
997 2446 1187 2511 Casilinum
1213 2464 1346 2532 oppug-

237 2560 348 2629 natur,
362 2568 452 2633 opus
466 2568 555 2627 esse,
570 2548 630 2633 qui
645 2547 831 2632 Campanis
846 2556 1045 2633 opponatur.
1090 2548 1158 2612 Vel
1179 2548 1272 2631 ipse,
1296 2568 1346 2613 re·

237 2653 321 2719 licto
336 2652 440 2718 Nolae
456 2652 617 2736 praesidio
633 2652 779 2727 modico,
794 2652 941 2716 veniret:
965 2652 1031 2728 vel,
1047 2650 1076 2715 si
1091 2670 1169 2714 eum
1184 2650 1284 2716 Nola
1298 2660 1345 2717 te-

239 2744 344 2834 neret,
366 2764 399 2820 et
412 2754 556 2820 necdum
580 2772 707 2818 securae
734 2772 790 2817 res
814 2752 857 2817 ab
881 2751 1074 2817 Hannibale
1094 2759 1220 2830 essent,
1237 2772 1277 2817 se
1292 2754 1343 2818 Ti.

240 2858 431 2925 Gracchum
444 2856 677 2940 proconsulem
689 2874 710 2919 a
721 2856 922 2921 Benevento
931 2853 1141 2919 aucellarum.¹
1167 2855 1251 2919 Hoc
1265 2876 1344 2921 nuu-

240 2960 314 3025 tio²
328 2959 526 3036 Marcellus,
539 2957 673 3022 duobus
693 2958 837 3023 militum
850 2956 997 3021 millibus
1014 2956 1115 3023 Nolae
1132 2957 1165 3021 in
1181 2958 1345 3040 praesidio

241 3061 382 3137 relictis,
397 3080 473 3124 cnm
490 3063 601 3123 cetero
622 3062 776 3125 exercitu
791 3057 979 3123 Casilinum
1001 3060 1103 3137 venit,
1130 3057 1346 3143 adventuque

242 3162 318 3246 ejus
334 3160 510 3245 Campani,
527 3160 601 3244 jam
616 3166 793 3225 moventes
809 3178 901 3236 sese,
912 3159 1122 3242 quieveruut.
1156 3158 1212 3224 Ita
1227 3178 1249 3224 a
1263 3160 1347 3225 duo·

241 3266 308 3328 bus
330 3264 529 3329 consulibus
554 3261 743 3327 Casilinum
770 3259 955 3345 oppugnari
979 3268 1140 3345 coeptum.
1187 3259 1257 3326 Ubi
1273 3281 1347 3327 cum

242 3366 359 3445 multa,
376 3367 591 3432 succedentes
605 3371 729 3430 temere
744 3364 926 3439 moenibus,
943 3360 1091 3427 Romani
1113 3363 1239 3427 militas
1258 3366 1346 3429 acci·

244 3477 361 3551 perent
384 3469 531 3545 vulnera,
545 3485 657 3549 neque
682 3466 767 3531 satis
783 3464 944 3549 inceptisi
960 3466 1184 3544 succederet:
1209 3464 1344 3543 Fabius,

275 3656 290 3692 r
305 3646 335 3697 a
345 3662 377 3696 ex
388 3648 489 3725 pecario
497 3648 647 3725 papiliorum
657 3654 682 3698 et
691 3649 826 3725 siderium,
836 3664 889 3711 qun
904 3648 930 3697 ia
948 3648 1066 3712 publicata
1079 3648 1250 3725 consuebatur,
1260 3647 1347 3725 aliquid

244 3718 305 3763 erut
315 3714 379 3776 qrred
388 3728 449 3776 spru
457 3728 503 3762 cnr
514 3714 632 3762 commodo
642 3720 731 3777 possm,
744 3716 769 3763 rd
778 3713 1015 3776 macularentur,
1027 3716 1054 3761 rrl
1064 3714 1155 3762 subtel
1164 3718 1285 3763 amora
1293 3726 1347 3777 mne

244 3781 329 3829 sntio:
343 3782 420 3844 pretio
430 3779 515 3829 driade
524 3783 580 3842 port
591 3778 676 3829 &daur
686 3780 832 3829 ramwardo
843 3792 875 3827 aa
885 3778 984 3828 morio.

704 3904 891 3925 eumuna·

280 3996 295 4040 l
312 3990 375 4041 Vel.
385 3990 432 4043 lib.
443 3990 513 4055 apud
523 3990 616 4055 Sigon.
631 3989 727 4041 Statim
736 3990 890 4040 Malao-8
903 3988 980 4053 conj.
992 3990 1101 4051 liupert.
1117 3988 1284 4038 anama-t
1300 3988 1346 4039 ‘la

748 4120 856 4172 Nol'lss

280 4224 293 4248 ⁰
308 4214 413 4280 inepte
433 4219 578 4283 madan]
612 4219 665 4269 l’ro
686 4220 781 4283 irrepta
801 4218 967 4269 amount:
995 4230 1055 4267 rara
1078 4214 1139 4267 alibi
1158 4214 1280 4281 loquendi
1301 4214 1346 4267 ior·
