2917 4767
372 416 382 435 ·
476 425 547 472 ura.
573 424 661 473 xxr.
686 425 768 473 uns.
790 408 843 473 13.
1123 411 1210 480 1675

102 590 170 647 rue,
184 586 251 631 nen
267 566 374 633 ullius
389 568 536 646 alterius,
553 568 659 652 loqui,
675 588 753 654 quse
769 571 889 653 loquor
904 570 994 653 apud
1008 589 1081 650 vos,
1096 574 1152 637 vel
1169 593 1210 637 ea

103 673 188 735 fides
203 674 273 749 ιιίι,ε
289 670 392 752 qued,
406 690 516 753 neque
532 670 613 733 dum
624 672 746 734 vestris
762 672 891 735 viribus
906 673 1088 750 restitistis,
1103 694 1211 759 neque

102 773 180 837 dum
191 772 329 836 auxilia
344 773 388 837 ab
405 770 567 835 Romanis
580 773 756 854 sperastis,
770 774 865 856 pacis
879 794 1027 857 unquam
1043 774 1135 859 apud
1145 796 1210 840 vos

102 876 310 939 mentionem
334 874 411 939 feei.
456 872 648 957 Postquam
672 894 734 939 nee
760 877 804 939 ab
827 876 1114 942 Romauievobis
1139 878 1211 943 ulla

103 992 186 1058 spes
200 985 267 1053 eet,
283 992 345 1037 nee
358 980 467 1039 vestra
477 972 549 1056 jam
567 980 627 1038 aut
640 992 734 1039 arma
748 995 823 1054 vos,
837 983 894 1041 aut
909 978 1035 1043 moenia
1054 980 1138 1043 satis
1151 978 1210 1044 de-

98 1076 267 1152 fendunt3
289 1093 409 1159 pacem
431 1075 535 1140 affero
559 1075 602 1139 ed
626 1094 688 1143 vus
715 1079 824 1160 magis
845 1080 1082 1155 necessariam,
1109 1100 1211 1163 qnam

101 1196 253 1261 mquam.
282 1214 285 1221 ,
300 1176 408 1261 Cujus
424 1178 474 1241 ita
488 1178 605 1261 aliqua
616 1197 695 1262 spen
709 1187 772 1258 est,
783 1182 815 1245 si
830 1201 919 1259 eam,
929 1180 1212 1264 quemadmodum

101 1286 140 1344 ut
154 1280 271 1343 metor
284 1278 348 1343 tert
363 1278 551 1357 Hannibal,
567 1280 617 1345 sic
641 1300 703 1345 vos
727 1288 765 1344 ut
787 1283 871 1347 victi
894 1282 1082 1363 audiatis3⁹
1102 1284 1213 1347 sinon

101 1382 151 1459 id,
167 1382 264 1467 quod
274 1381 451 1457 amittitur,
463 1380 498 1443 in
510 1380 645 1458 damno,
659 1380 752 1464 (euru
764 1384 879 1447 omnia
889 1383 1025 1448 vintoris
1038 1385 1130 1461 sint,)
1140 1383 1217 1461 ssd,

102 1481 273 1567 quiequid
297 1483 507 1566 relinquitur,
536 1501 599 1567 pro
622 1502 759 1547 munere
780 1484 928 1549 habituri
948 1486 1042 1549 estis.
1088 1483 1213 1549 Urbem

101 1586 214 1661 uulsis,
224 1604 327 1668 quum
337 1604 379 1649 ex
394 1604 517 1665 magna
526 1584 599 1669 jam
609 1590 702 1669 parte
712 1586 871 1666 dirutam,
882 1594 1019 1672 captam
1028 1588 1098 1652 fere
1108 1593 1213 1652 totam

102 1688 221 1764 habet,
233 1688 366 1763 adimit,
379 1706 476 1769 agros
497 1688 663 1770 relinquit,
687 1688 802 1753 locum
826 1690 1065 1771 assignaturus,
1089 1692 1124 1756 in
1145 1706 1214 1774 quo

101 1808 233 1853 nusum
259 1790 422 1871 oppidum
454 1786 653 1854 aedificetis:
687 1808 806 1853 aurum
832 1796 1068 1875 argentumque
1103 1810 1213 1868 omne,

104 1888 284 1973 publicum
299 1890 543 1973 privatumque,
559 1888 654 1954 adse
664 1892 763 1975 jubet
782 1890 922 1956 deseruit
944 1892 1122 1975 conjugum
1136 1912 1215 1957 ves-

104 2000 230 2075 traque
246 2010 390 2075 corpora
404 2012 445 2057 ac
459 1992 676 2057 liberorum¹0
697 1998 885 2056 vestrorum
910 2000 1023 2058 servat
1045 1993 1215 2068 inviolata,

106 2095 382 2158 slinermeseum
396 2083 515 2157 binis¹¹¹
533 2093 757 2159 vestimentis¹
771 2093 884 2158 velitis
893 2098 938 2159 ab
947 2094 1101 2177 Sagunto
1110 2095 1216 2158 exire.

107 2195 199 2261 Hanc
214 2195 327 2260 vietor
349 2194 459 2258 hostis
473 2194 624 2277 imperat.
671 2195 774 2272 Hane,
792 2215 985 2281 quanquam
1010 2199 1083 2262 sint
1101 2198 1217 2279 gravia

108 2306 213 2381 atque
229 2298 364 2374 acerba,
379 2298 511 2361 fortuna
522 2304 634 2363 vestra
648 2299 750 2363 vobis
767 2300 901 2362 suadet.
945 2298 1112 2382 Equidem
1126 2298 1216 2362 haud

109 2400 266 2483 despero,
281 2418 356 2463 nurn
370 2400 518 2463 omnium
534 2406 685 2481 potestas
702 2400 736 2463 ei
751 2402 845 2464 iacta
860 2401 948 2479 sit,¹²
969 2401 1094 2485 aliquid
1110 2418 1153 2465 ex
1164 2400 1218 2464 hle

108 2502 210 2565 rebus
225 2500 470 2563 remissurum·
513 2498 580 2564 Sed
593 2502 647 2565 vel
657 2508 681 2548 ¹³
697 2500 772 2565 haee
788 2502 949 2583 petiendn
961 2522 1082 2568 censeo
1092 2504 1216 2587 potius,

109 2620 214 2685 quum
236 2601 398 2666 trucidari
413 2619 557 2683 corpora
572 2608 693 2679 vestra,
716 2604 791 2686 rapi
806 2603 960 2687 trahique
975 2610 1051 2668 aute
1070 2622 1129 2667 ura
1144 2624 1218 2669 ves-

110 2710 160 2767 tra
176 2704 340 2787 conjuges
352 2722 394 2766 an
408 2703 532 2767 liberos
546 2702 628 2767 belli
639 2702 714 2786 jure
729 2701 871 2767 sinatis?
940 2732 943 2736 f

117 2936 122 2943 ,
143 2889 151 2917 ¹
165 2862 237 2935 ΠΜ
246 2885 410 2950 sudemfidm
415 2884 498 2947 furere
507 2885 584 2937 delet.

142 2958 156 2980 ¹
175 2948 238 2998 Cast
249 2950 272 2999 ei
281 2950 374 3011 pteram
384 2958 454 3012 utque
463 2950 596 3000 alietatum
606 2966 685 3000 rernm
697 2952 825 3002 mditrittru
836 2968 851 3001 u
862 2952 927 3001 undis
938 2952 1020 3001 dutum
1029 2948 1119 3007 suerit,
1126 2949 1181 3009 fore
1192 2957 1219 3000 ut

111 3014 206 3077 aliquid
215 3028 248 3063 ex
258 3014 580 3065 &amuentissimis
591 3030 619 3065 ue
630 3016 750 3065 dumtu.

568 3143 754 3165 comneno

112 3225 292 3288 mustus-u
308 3224 393 3275 ‘Cum
405 3226 489 3275 Gran.
505 3226 556 3291 leg.
573 3227 691 3276 cadmia.-
709 3241 768 3275 usur
780 3232 807 3273 et
819 3240 878 3274 mox
889 3225 995 3274 mittet
1004 3224 1063 3274 estis
1076 3225 1109 3274 ab
1128 3226 1220 3275 eodem

111 3293 134 3338 si
151 3287 271 3353 pendet!
288 3288 446 3339 Reum—10
462 3289 607 3340 ‘Cautsbn
624 3306 724 3353 corpora
740 3290 962 3353 admonium
972 3306 1000 3339 uc
1010 3290 1052 3339 ttt.
1086 3290 1138 3341 Qui
1156 3290 1220 3339 urdo

112 3354 253 3403 decentior
263 3359 314 3417 est,
324 3364 351 3403 et
363 3356 399 3403 ita
409 3361 528 3404 servatur
539 3355 571 3403 ab
584 3354 670 3411 Lirin,
687 3365 716 3405 ut
737 3356 866 3403 interdum
883 3356 978 3404 inverti
996 3355 1059 3403 ratis
1075 3355 1221 3417 agnetem!

112 3419 171 3469 διε.
185 3418 356 3467 cronon-11
377 3420 439 3468 Cum
452 3420 529 3481 priuis
548 3420 653 3468 emend.
672 3419 811 3481 Lina-lt
827 3421 850 3469 A
866 3421 932 3468 uadis
943 3428 1004 3469 aute
1013 3420 1085 3479 jectu
1105 3421 1222 3468 inserunt

114 3482 176 3531 edd.
190 3490 258 3531 sntt.
277 3481 347 3542 sueta
358 3482 405 3531 erit
417 3482 458 3533 rel
472 3488 614 3548 pumicum
623 3483 735 3543 sroerttts
753 3482 868 3534 malebat
882 3483 911 3535 J.
930 3485 959 3535 F.
977 3484 1159 3536 tironum-lt
1180 3484 1223 3534 Vct

113 3546 166 3597 del.
180 3546 249 3597 Edd.
260 3554 320 3595 aute
332 3547 417 3597 Drak.

615 3660 723 3711 NO'I'AE

148 3757 237 3805 'Cam
248 3756 480 3822 diuisuestiruerrtr's]
505 3758 653 3809 Nondubi·
693 3760 791 3809 loreum
804 3759 933 3818 retulisse,
943 3766 987 3806 eut
1000 3758 1100 3806 Livium
1112 3757 1160 3805 ribi
1172 3758 1222 3818 ipsi

117 3840 159 3881 tut
173 3832 279 3894 Lipsius
300 3832 397 3894 legere,
412 3848 465 3882 curn
486 3834 562 3896 priuis
579 3835 653 3883 nesti·
694 3836 833 3885 adversari.
866 3834 916 3881 Sed
928 3833 1016 3897 quidni
1035 3833 1153 3881 cumanis
1171 3848 1223 3879 res-

118 3908 205 3958 umtis
213 3924 223 3965 ,¹
241 3906 314 3969 priva
326 3908 393 3955 enirn
406 3916 466 3956 aunt
479 3908 590 3971 singula.
618 3910 653 3958 Et
694 3912 800 3959 timentis
809 3911 898 3971 patius
909 3922 984 3970 quam
996 3906 1085 3968 privii,
1096 3921 1154 3955 euru
1166 3921 1224 3955 sun·

121 3997 185 4032 vero
196 3982 327 4045 superiori
339 3983 426 4047 eapite
444 3983 512 4031 inter
525 3982 654 4032 conditio·
694 3988 817 4037 susidern
831 3985 973 4042 rit,etv01
992 3983 1046 4030 sair
1063 3983 1169 4045 propius
1181 3997 1224 4031 ae-

120 4074 166 4108 ner
177 4058 274 4109 Alconi
284 4060 429 4120 Saguntino
445 4060 600 4123 propositas,
610 4060 654 4108 illu
694 4062 772 4112 certat
784 4061 816 4107 ed
828 4060 858 4106 rt
868 4058 950 4107 diuisi
969 4056 1048 4106 Certe
1059 4056 1114 4105 Cic.
1128 4060 1224 4120 ruptus

118 4134 237 4199 hiprimis
251 4132 373 4189 refertum.
386 4140 414 4182 ut
426 4134 563 4196 Saguntini
580 4148 654 4198 egre·
694 4146 776 4187 ‘arnas
787 4132 893 4184 literas’
906 4132 983 4196 dixit,
994 4132 1135 4197 aliquando
1146 4141 1223 4183 ‘uuas

118 4211 243 4261 darentur
270 4211 335 4260 urbe
360 4224 419 4259 euru
443 4210 549 4273 singuiis
577 4211 655 4259 verti·
696 4210 817 4273 rabulus,'
829 4218 855 4260 et
865 4210 967 4259 similla.

119 4288 226 4338 utentis:
246 4301 297 4337 nec
317 4284 444 4336 credibile
463 4292 504 4336 est
525 4284 595 4335 aliud
616 4286 653 4335 A·
700 4306 701 4311 ¹
