2917 4767
445 828 684 909 LECTORI
714 824 1013 903 BENEVOLO
1041 824 1080 900 S.
1100 824 1145 900 P.

245 1079 366 1143 Causa
388 1079 458 1137 mibi
478 1075 634 1148 scribendi,
652 1076 741 1167 justa
757 1072 983 1133 Vocsnionrs
998 1073 1136 1144 ouum,
1152 1082 1184 1135 et
1202 1074 1340 1138 mlurtas

243 1176 317 1251 ejus,
337 1175 386 1233 cui
398 1183 464 1253 post
479 1173 586 1233 Dauni
601 1169 861 1231 obedientiiae
871 1168 976 1228 debeo.
1019 1170 1160 1240 Materia,
1173 1179 1259 1232 volu
1271 1170 1338 1229 Ro-

243 1288 331 1329 mara
351 1269 498 1337 Historia,
524 1276 666 1346 qrmteurs
686 1286 705 1325 a
732 1264 819 1324 Livio
837 1264 986 1342 quondan
1011 1265 1157 1343 expmita,
1183 1274 1251 1343 post
1270 1265 1337 1344 ple·

242 1382 362 1441 ramque
384 1362 523 1421 Auctoris
544 1364 608 1438 ejiu
633 1369 747 1439 parton
767 1358 960 1438 deperditam,
983 1360 1013 1417 in
1034 1359 1135 1419 multis
1155 1358 1221 1419 aliis
1240 1360 1335 1445 ilati-

242 1477 363 1535 quorum
385 1458 464 1515 libris
485 1457 563 1515 varie
584 1456 723 1533 dispersa,
747 1453 833 1513 latuit
854 1454 959 1523 verius,
981 1473 1071 1531 quam
1091 1456 1199 1515 extitit
1241 1453 1335 1513 Hanc

241 1572 296 1629 ego
308 1573 361 1631 pro
375 1552 450 1611 virili
464 1561 545 1631 parte
559 1551 632 1619 erui,
645 1550 794 1617 contexui,
809 1549 898 1606 etiam
909 1547 1057 1628 expolivi:
1070 1550 1212 1607 hactenus
1220 1549 1335 1627 utique,

243 1656 275 1705 ut
300 1648 371 1706 situs
394 1656 482 1723 atque
507 1644 624 1723 squalor
649 1643 868 1720 detergeretur:
895 1642 1065 1701 festinanter
1085 1653 1175 1713 carte,
1199 1653 1336 1722 quartum

241 1740 385 1803 decimum
407 1742 483 1800 intra
504 1754 643 1808 inensem,
664 1748 819 1817 postquam
839 1738 941 1795 iterum
956 1737 1149 1816 bibliotheca
1162 1757 1234 1795 meae
1247 1738 1336 1816 copia

240 1834 330 1905 lacta,
352 1835 433 1894 libris
454 1835 566 1893 effectis
586 1832 781 1912 quadraginta
804 1832 952 1909 quinque;
974 1851 1141 1909 quanquam
1162 1832 1336 1911 impedirent

240 1930 343 2003 morbi,
358 1930 532 1998 curationes,
553 1928 693 1987 molestiae
707 1927 899 2003 negotiorum,
921 1926 1075 1984 calumnia
1090 1926 1196 1996 litium,
1210 1947 1334 2004 quarum

239 2046 333 2085 rerum
350 2044 496 2104 nunquam
518 2024 609 2085 letior
631 2044 712 2101 seges
728 2022 793 2081 fuit.
841 2020 976 2079 Adhibui
992 2031 1090 2080 tamen
1106 2021 1287 2099 diligentiam
1303 2034 1336 2081 et

233 2120 379 2197 judicium
406 2120 484 2197 quod
510 2119 602 2196 potui.
645 2118 687 2175 Et
711 2118 765 2174 tibi
790 2116 908 2193 quidem
928 2116 1064 2192 judicare
1091 2116 1171 2185 licet,
1200 2117 1334 2193 Benigne

240 2212 362 2280 lecton
386 2232 431 2271 me
450 2230 519 2269 vero
541 2230 597 2269 non
620 2212 699 2288 piget
711 2209 844 2269 confiteri
861 2210 899 2268 de
918 2210 1007 2268 animi
1029 2210 1086 2269 mei
1107 2212 1261 2279 sententia,
1284 2232 1334 2270 me

239 2309 407 2383 neutiquam
420 2315 558 2373 metuere,
580 2322 617 2361 na
638 2305 702 2382 quis
715 2324 754 2362 ex
766 2304 900 2362 omnibus
919 2305 965 2361 his
984 2306 1182 2383 scriptoribus,
1202 2306 1252 2383 qui
1265 2317 1335 2365 sunt

239 2401 267 2457 in
282 2401 427 2459 hominum
441 2419 539 2467 manu,
561 2396 672 2476 aliquid
693 2397 801 2457 efficiat
821 2399 849 2456 in
869 2400 925 2457 hoc
938 2419 1042 2476 genere
1055 2400 1235 2469 concinnius,
1249 2402 1332 2479 copi-

237 2494 324 2562 osius,
346 2493 449 2551 verius.
485 2490 593 2569 Neque
613 2501 711 2552 tamen
740 2492 861 2562 issum,
882 2493 933 2570 qui
955 2512 1001 2550 me
1024 2512 1167 2571 nusquam
1191 2496 1332 2568 erravisse

238 2597 346 2665 putem.
382 2587 442 2645 Sed
456 2586 547 2645 sicubi
569 2587 686 2664 impegi,
709 2606 769 2643 rem
785 2587 827 2643 ita
846 2596 1045 2665 comparatam
1066 2587 1212 2666 intelliges
1230 2588 1331 2660 luisse,

238 2690 343 2739 utnon
364 2683 426 2739 sine
445 2681 555 2739 ratione
576 2680 705 2758 quadam
726 2681 899 2747 erraverim
923 2682 978 2739 hoc
994 2692 1049 2749 est,
1070 2692 1104 2740 ut
1124 2703 1248 2741 errorem
1267 2704 1332 2742 esse

237 2775 370 2843 hominis,
387 2794 442 2833 non
461 2773 591 2853 pecudis,
610 2784 759 2854 appareat.
803 2772 937 2833 Monitus
953 2784 1049 2859 autom
1072 2786 1218 2852 gratanter
1230 2797 1331 2837 emen·

235 2867 315 2928 dabo
327 2869 406 2947 quod
419 2868 602 2949 opusl'uerit;
618 2879 658 2939 et,
672 2871 696 2928 si
709 2870 763 2927 tibi
776 2870 903 2928 studium
915 2889 1011 2927 meum
1026 2871 1141 2947 probari
1153 2890 1328 2948 cognovero,

236 2965 420 3042 posteriorem
433 2984 548 3043 quoque
556 2964 691 3033 Tamum,
706 2963 919 3043 quamprimum
932 2965 995 3039 ejus
1007 2964 1049 3021 rei
1063 2963 1192 3022 facultas
1199 2966 1329 3037 dabitur,

235 3059 397 3121 extrudam.
427 3058 516 3118 Vale.
532 3058 612 3119 Dab.
625 3058 798 3127 vormatiae,
813 3079 852 3116 ex
866 3057 972 3117 Museo
986 3078 1061 3126 meo,
1076 3058 1118 3116 A.
1131 3058 1172 3117 D.
1189 3076 1234 3117 ιν.
1249 3062 1322 3120 Kal.

235 3152 398 3233 Septembr.
412 3155 502 3213 Anno
517 3153 683 3213 Christiano
698 3169 841 3211 mncmv.

268 3344 326 3391 Hoc
344 3342 468 3390 monitum
486 3340 618 3402 prarirnrn
631 3340 760 3401 reperitur
799 3336 934 3396 librorum,
955 3350 1049 3400 nempe
1072 3352 1087 3386 a
1109 3337 1173 3387 libro
1196 3352 1270 3389 xcvi.
1292 3340 1326 3388 ad

234 3415 759 3479 editioniSupptemeniorummvlsnorum
800 3424 865 3461 xcv.
897 3412 928 3461 ln
945 3412 988 3460 illa
1000 3412 1115 3461 editione
1134 3416 1258 3462 monitum
1276 3416 1326 3464 boc

234 3493 295 3540 anni
318 3490 580 3553 lbtlavrlrgrntorari
603 3499 630 3538 ar
649 3490 759 3538 Franco·
800 3487 906 3535 carebat
925 3496 986 3537 nota
1005 3489 1098 3535 locist
1116 3491 1325 3553 temporisque

233 3566 374 3629 furti,qurr
393 3563 592 3627 pretardecem
610 3564 689 3611 libros
703 3564 758 3625 jam
801 3571 890 3623 poster
915 3562 1017 3624 adjecta
1039 3564 1065 3611 in
1092 3562 1251 3625 Doujariaoa
1275 3572 1325 3612 aar.

234 3650 294 3689 ante
310 3638 420 3686 llolmiae
442 3638 525 3684 editos
548 3636 695 3684 continebat
715 3637 759 3683 ad·
801 3640 870 3687 Cres.

219 3718 282 3765 'linc
294 3714 475 3776 supplementa
487 3712 672 3775 qrrtnqueginta
691 3711 758 3759 Livii
