<?xml version="1.0" encoding="UTF-8"?>
<!DOCTYPE html PUBLIC "-//W3C//DTD XHTML 1.0 Transitional//EN"
    "http://www.w3.org/TR/xhtml1/DTD/xhtml1-transitional.dtd">
<html xmlns="http://www.w3.org/1999/xhtml" xml:lang="en" lang="en">
 <head>
  <title>
</title>
<meta http-equiv="Content-Type" content="text/html;charset=utf-8" />
  <meta name='ocr-system' content='tesseract 3.04.00' />
  <meta name='ocr-capabilities' content='ocr_page ocr_carea ocr_par ocr_line ocrx_word'/>
</head>
<body>
  <div class='ocr_page' id='page_1' title='image "./tliviipatavinih00unkngoog/tliviipatavinih00unkngoog_0661.png"; bbox 0 0 2917 4767; ppageno 0'>
   <div class='ocr_carea' id='block_1_1' title="bbox 464 349 1204 459">
    <p class='ocr_par' dir='ltr' id='par_1_1' title="bbox 464 349 1204 459">
     <span class='ocr_line' id='line_1_1' title="bbox 464 349 1204 459; baseline 0 -2"><span class='ocrx_word' id='word_1_1' title='bbox 464 408 536 457; x_wconf 79' lang='lat' dir='ltr'><strong>arr.</strong></span> <span class='ocrx_word' id='word_1_2' title='bbox 559 406 671 459; x_wconf 70' lang='grc' dir='ltr'><strong>ων.</strong></span> <span class='ocrx_word' id='word_1_3' title='bbox 693 349 776 457; x_wconf 79' lang='lat' dir='ltr'><strong>car.</strong></span> <span class='ocrx_word' id='word_1_4' title='bbox 796 390 852 457; x_wconf 77' lang='lat'><strong>29.</strong></span> <span class='ocrx_word' id='word_1_5' title='bbox 1118 392 1204 457; x_wconf 72' lang='lat'><strong>2087</strong></span> 
     </span>
    </p>
   </div>
   <div class='ocr_carea' id='block_1_2' title="bbox 87 546 1246 1942">
    <p class='ocr_par' dir='ltr' id='par_1_2' title="bbox 87 546 1246 1942">
     <span class='ocr_line' id='line_1_2' title="bbox 89 546 1205 639; baseline -0.006 -20"><span class='ocrx_word' id='word_1_6' title='bbox 89 554 345 639; x_wconf 69' lang='lat' dir='ltr'><strong>Hippocrates</strong></span> <span class='ocrx_word' id='word_1_7' title='bbox 359 553 446 619; x_wconf 86' lang='lat' dir='ltr'><strong>enim</strong></span> <span class='ocrx_word' id='word_1_8' title='bbox 460 551 601 617; x_wconf 72' lang='lat' dir='ltr'><strong>finitima</strong></span> <span class='ocrx_word' id='word_1_9' title='bbox 617 548 801 635; x_wconf 76' lang='lat' dir='ltr'><strong>provinciae</strong></span> <span class='ocrx_word' id='word_1_10' title='bbox 815 547 1001 613; x_wconf 64' lang='lat' dir='ltr'><strong>Roma*</strong></span> <span class='ocrx_word' id='word_1_11' title='bbox 1015 546 1122 630; x_wconf 88' lang='lat' dir='ltr'><strong>primo</strong></span> <span class='ocrx_word' id='word_1_12' title='bbox 1137 548 1205 613; x_wconf 80' lang='lat' dir='ltr'><strong>fur-</strong></span> 
     </span>
     <span class='ocr_line' id='line_1_3' title="bbox 88 648 1204 734; baseline -0.005 -15"><span class='ocrx_word' id='word_1_13' title='bbox 88 658 192 720; x_wconf 85' lang='lat' dir='ltr'><strong>tivis</strong></span> <span class='ocrx_word' id='word_1_14' title='bbox 205 654 460 723; x_wconf 76' lang='lat' dir='ltr'>excursionibus</span> <span class='ocrx_word' id='word_1_15' title='bbox 475 663 610 719; x_wconf 71' lang='lat' dir='ltr'><strong>rasure</strong></span> <span class='ocrx_word' id='word_1_16' title='bbox 624 651 748 734; x_wconf 85' lang='lat' dir='ltr'><strong>coepit:</strong></span> <span class='ocrx_word' id='word_1_17' title='bbox 767 649 899 725; x_wconf 86' lang='lat' dir='ltr'><strong>deinde,</strong></span> <span class='ocrx_word' id='word_1_18' title='bbox 911 666 988 713; x_wconf 90' lang='lat' dir='ltr'><strong>cum</strong></span> <span class='ocrx_word' id='word_1_19' title='bbox 1004 648 1048 713; x_wconf 86' lang='lat' dir='ltr'><strong>ad</strong></span> <span class='ocrx_word' id='word_1_20' title='bbox 1061 648 1204 713; x_wconf 75' lang='lat' dir='ltr'><strong>mendas</strong></span> 
     </span>
     <span class='ocr_line' id='line_1_4' title="bbox 88 748 1205 837; baseline -0.006 -17"><span class='ocrx_word' id='word_1_21' title='bbox 88 756 280 823; x_wconf 87' lang='lat' dir='ltr'><strong>sociorum</strong></span> <span class='ocrx_word' id='word_1_22' title='bbox 296 774 396 837; x_wconf 82' lang='lat' dir='ltr'><strong>agros</strong></span> <span class='ocrx_word' id='word_1_23' title='bbox 408 754 548 819; x_wconf 84' lang='lat' dir='ltr'><strong>missum</strong></span> <span class='ocrx_word' id='word_1_24' title='bbox 563 754 608 817; x_wconf 87' lang='lat' dir='ltr'><strong>ab</strong></span> <span class='ocrx_word' id='word_1_25' title='bbox 624 751 741 833; x_wconf 77' lang='lat' dir='ltr'><strong>Appio</strong></span> <span class='ocrx_word' id='word_1_26' title='bbox 765 748 960 833; x_wconf 83' lang='lat' dir='ltr'><strong>praesidium</strong></span> <span class='ocrx_word' id='word_1_27' title='bbox 980 756 1082 827; x_wconf 83' lang='lat' dir='ltr'><strong>esset,</strong></span> <span class='ocrx_word' id='word_1_28' title='bbox 1098 750 1205 813; x_wconf 88' lang='lat' dir='ltr'><strong>ornai-</strong></span> 
     </span>
     <span class='ocr_line' id='line_1_5' title="bbox 87 848 1206 939; baseline -0.004 -20"><span class='ocrx_word' id='word_1_29' title='bbox 87 856 174 919; x_wconf 88' lang='lat' dir='ltr'><strong>bus</strong></span> <span class='ocrx_word' id='word_1_30' title='bbox 201 857 311 939; x_wconf 85' lang='lat' dir='ltr'><strong>copiis</strong></span> <span class='ocrx_word' id='word_1_31' title='bbox 332 857 494 939; x_wconf 87' lang='lat' dir='ltr'><strong>impetum</strong></span> <span class='ocrx_word' id='word_1_32' title='bbox 514 856 551 919; x_wconf 89' lang='lat' dir='ltr'><strong>in</strong></span> <span class='ocrx_word' id='word_1_33' title='bbox 578 853 771 936; x_wconf 87' lang='lat' dir='ltr'><strong>oppositam</strong></span> <span class='ocrx_word' id='word_1_34' title='bbox 803 848 984 915; x_wconf 85' lang='lat' dir='ltr'><strong>stationem</strong></span> <span class='ocrx_word' id='word_1_35' title='bbox 1010 870 1085 915; x_wconf 90' lang='lat' dir='ltr'><strong>cum</strong></span> <span class='ocrx_word' id='word_1_36' title='bbox 1111 850 1206 916; x_wconf 80' lang='lat' dir='ltr'><strong>caeda</strong></span> 
     </span>
     <span class='ocr_line' id='line_1_6' title="bbox 90 949 1204 1034; baseline -0.005 -13"><span class='ocrx_word' id='word_1_37' title='bbox 90 956 288 1021; x_wconf 84' lang='lat' dir='ltr'><strong>multorum</strong></span> <span class='ocrx_word' id='word_1_38' title='bbox 306 955 396 1021; x_wconf 80' lang='lat' dir='ltr'><strong>iecit</strong></span> <span class='ocrx_word' id='word_1_39' title='bbox 440 956 530 1034; x_wconf 71' lang='lat' dir='ltr'><strong>Qum</strong></span> <span class='ocrx_word' id='word_1_40' title='bbox 544 972 620 1019; x_wconf 85' lang='lat' dir='ltr'><strong>curn</strong></span> <span class='ocrx_word' id='word_1_41' title='bbox 635 957 745 1018; x_wconf 82' lang='lat' dir='ltr'><strong>esseut</strong></span> <span class='ocrx_word' id='word_1_42' title='bbox 758 950 908 1015; x_wconf 88' lang='lat' dir='ltr'><strong>nuntiata</strong></span> <span class='ocrx_word' id='word_1_43' title='bbox 924 949 1099 1027; x_wconf 83' lang='lat' dir='ltr'><strong>Marcello,</strong></span> <span class='ocrx_word' id='word_1_44' title='bbox 1112 950 1204 1034; x_wconf 78' lang='lat' dir='ltr'><strong>laga·</strong></span> 
     </span>
     <span class='ocr_line' id='line_1_7' title="bbox 91 1050 1204 1141; baseline -0.005 -20"><span class='ocrx_word' id='word_1_45' title='bbox 91 1064 164 1121; x_wconf 86' lang='lat' dir='ltr'><strong>tos</strong></span> <span class='ocrx_word' id='word_1_46' title='bbox 180 1057 356 1141; x_wconf 81' lang='lat' dir='ltr'><strong>extemplo</strong></span> <span class='ocrx_word' id='word_1_47' title='bbox 363 1056 551 1140; x_wconf 85' lang='lat' dir='ltr'><strong>Syracusas</strong></span> <span class='ocrx_word' id='word_1_48' title='bbox 564 1054 669 1130; x_wconf 84' lang='lat' dir='ltr'><strong>misit,</strong></span> <span class='ocrx_word' id='word_1_49' title='bbox 683 1053 744 1136; x_wconf 94' lang='lat' dir='ltr'><strong>qui</strong></span> <span class='ocrx_word' id='word_1_50' title='bbox 757 1052 854 1135; x_wconf 83' lang='lat' dir='ltr'><strong>pacis</strong></span> <span class='ocrx_word' id='word_1_51' title='bbox 867 1050 969 1115; x_wconf 85' lang='lat' dir='ltr'><strong>fidam</strong></span> <span class='ocrx_word' id='word_1_52' title='bbox 982 1058 1114 1133; x_wconf 87' lang='lat' dir='ltr'><strong>ruptam</strong></span> <span class='ocrx_word' id='word_1_53' title='bbox 1128 1070 1204 1115; x_wconf 83' lang='lat' dir='ltr'><strong>essa</strong></span> 
     </span>
     <span class='ocr_line' id='line_1_8' title="bbox 92 1151 1206 1235; baseline -0.004 -16"><span class='ocrx_word' id='word_1_54' title='bbox 92 1156 279 1221; x_wconf 76' lang='lat' dir='ltr'>dicerent:</span> <span class='ocrx_word' id='word_1_55' title='bbox 300 1176 363 1221; x_wconf 89' lang='lat' dir='ltr'><strong>nec</strong></span> <span class='ocrx_word' id='word_1_56' title='bbox 385 1155 467 1221; x_wconf 90' lang='lat' dir='ltr'><strong>belli</strong></span> <span class='ocrx_word' id='word_1_57' title='bbox 486 1154 678 1219; x_wconf 78' lang='lat' dir='ltr'><strong>defuturam</strong></span> <span class='ocrx_word' id='word_1_58' title='bbox 698 1170 849 1235; x_wconf 88' lang='lat' dir='ltr'><strong>unquam</strong></span> <span class='ocrx_word' id='word_1_59' title='bbox 868 1168 1020 1227; x_wconf 86' lang='lat' dir='ltr'><strong>causam,</strong></span> <span class='ocrx_word' id='word_1_60' title='bbox 1034 1151 1100 1215; x_wconf 92' lang='lat' dir='ltr'><strong>nisi</strong></span> <span class='ocrx_word' id='word_1_61' title='bbox 1117 1152 1206 1235; x_wconf 85' lang='lat' dir='ltr'><strong>Hip-</strong></span> 
     </span>
     <span class='ocr_line' id='line_1_9' title="bbox 93 1250 1206 1339; baseline -0.004 -18"><span class='ocrx_word' id='word_1_62' title='bbox 93 1264 267 1339; x_wconf 86' lang='lat' dir='ltr'><strong>pocrates</strong></span> <span class='ocrx_word' id='word_1_63' title='bbox 285 1263 387 1339; x_wconf 86' lang='lat' dir='ltr'><strong>atque</strong></span> <span class='ocrx_word' id='word_1_64' title='bbox 400 1256 570 1339; x_wconf 81' lang='lat' dir='ltr'><strong>Epicydes</strong></span> <span class='ocrx_word' id='word_1_65' title='bbox 589 1256 719 1319; x_wconf 62' lang='lat' dir='ltr'><strong>uon‘ab</strong></span> <span class='ocrx_word' id='word_1_66' title='bbox 742 1253 917 1336; x_wconf 71' lang='lat' dir='ltr'><strong>Syracusis</strong></span> <span class='ocrx_word' id='word_1_67' title='bbox 932 1250 1042 1328; x_wconf 88' lang='lat' dir='ltr'><strong>modo,</strong></span> <span class='ocrx_word' id='word_1_68' title='bbox 1058 1250 1117 1315; x_wconf 80' lang='lat' dir='ltr'><strong>seu</strong></span> <span class='ocrx_word' id='word_1_69' title='bbox 1133 1258 1206 1316; x_wconf 87' lang='lat' dir='ltr'><strong>tota</strong></span> 
     </span>
     <span class='ocr_line' id='line_1_10' title="bbox 93 1352 1246 1439; baseline -0.005 -18"><span class='ocrx_word' id='word_1_70' title='bbox 93 1358 228 1439; x_wconf 85' lang='lat' dir='ltr'><strong>procul</strong></span> <span class='ocrx_word' id='word_1_71' title='bbox 243 1358 373 1435; x_wconf 80' lang='lat' dir='ltr'><strong>Sicilia,</strong></span> <span class='ocrx_word' id='word_1_72' title='bbox 388 1359 626 1439; x_wconf 75' lang='lat' dir='ltr'><strong>ablegarentur.</strong></span> <span class='ocrx_word' id='word_1_73' title='bbox 669 1352 850 1439; x_wconf 80' lang='lat' dir='ltr'><strong>Epicydes,</strong></span> <span class='ocrx_word' id='word_1_74' title='bbox 863 1373 905 1418; x_wconf 92' lang='lat' dir='ltr'><strong>ne</strong></span> <span class='ocrx_word' id='word_1_75' title='bbox 922 1361 982 1418; x_wconf 89' lang='lat' dir='ltr'><strong>ant</strong></span> <span class='ocrx_word' id='word_1_76' title='bbox 997 1371 1074 1417; x_wconf 88' lang='lat' dir='ltr'><strong>reus</strong></span> <span class='ocrx_word' id='word_1_77' title='bbox 1098 1354 1205 1418; x_wconf 78' lang='lat' dir='ltr'><strong>crimi—</strong></span> <span class='ocrx_word' id='word_1_78' title='bbox 1243 1406 1246 1415; x_wconf 89' lang='lat'><em>.</em></span> 
     </span>
     <span class='ocr_line' id='line_1_11' title="bbox 96 1452 1207 1540; baseline -0.004 -17"><span class='ocrx_word' id='word_1_79' title='bbox 96 1458 166 1523; x_wconf 87' lang='lat' dir='ltr'><strong>nis</strong></span> <span class='ocrx_word' id='word_1_80' title='bbox 186 1458 336 1522; x_wconf 87' lang='lat' dir='ltr'><strong>absentia</strong></span> <span class='ocrx_word' id='word_1_81' title='bbox 362 1458 476 1527; x_wconf 76' lang='lat' dir='ltr'><strong>fratris</strong></span> <span class='ocrx_word' id='word_1_82' title='bbox 505 1475 656 1540; x_wconf 72' lang='lat' dir='ltr'><strong>praeseus</strong></span> <span class='ocrx_word' id='word_1_83' title='bbox 675 1461 773 1529; x_wconf 87' lang='lat' dir='ltr'><strong>esset,</strong></span> <span class='ocrx_word' id='word_1_84' title='bbox 795 1458 854 1519; x_wconf 87' lang='lat' dir='ltr'><strong>aut</strong></span> <span class='ocrx_word' id='word_1_85' title='bbox 871 1452 1006 1517; x_wconf 71' lang='lat' dir='ltr'><strong>deesset</strong></span> <span class='ocrx_word' id='word_1_86' title='bbox 1028 1472 1089 1535; x_wconf 89' lang='lat' dir='ltr'><strong>pro</strong></span> <span class='ocrx_word' id='word_1_87' title='bbox 1110 1460 1207 1536; x_wconf 84' lang='lat' dir='ltr'><strong>parte</strong></span> 
     </span>
     <span class='ocr_line' id='line_1_12' title="bbox 99 1553 1206 1639; baseline -0.005 -16"><span class='ocrx_word' id='word_1_88' title='bbox 99 1576 176 1623; x_wconf 85' lang='lat' dir='ltr'><strong>sua</strong></span> <span class='ocrx_word' id='word_1_89' title='bbox 194 1558 394 1623; x_wconf 84' lang='lat' dir='ltr'><strong>concitando</strong></span> <span class='ocrx_word' id='word_1_90' title='bbox 415 1559 517 1635; x_wconf 86' lang='lat' dir='ltr'><strong>bello,</strong></span> <span class='ocrx_word' id='word_1_91' title='bbox 534 1556 708 1639; x_wconf 83' lang='lat' dir='ltr'><strong>profectur</strong></span> <span class='ocrx_word' id='word_1_92' title='bbox 722 1560 757 1619; x_wconf 87' lang='lat' dir='ltr'><strong>et</strong></span> <span class='ocrx_word' id='word_1_93' title='bbox 773 1555 850 1637; x_wconf 85' lang='lat' dir='ltr'><strong>ipse</strong></span> <span class='ocrx_word' id='word_1_94' title='bbox 866 1554 901 1617; x_wconf 90' lang='lat' dir='ltr'><strong>in</strong></span> <span class='ocrx_word' id='word_1_95' title='bbox 918 1553 1111 1632; x_wconf 63' lang='lat' dir='ltr'><strong>buntiana,</strong></span> <span class='ocrx_word' id='word_1_96' title='bbox 1126 1556 1206 1637; x_wconf 87' lang='lat' dir='ltr'><strong>quia</strong></span> 
     </span>
     <span class='ocr_line' id='line_1_13' title="bbox 99 1651 1205 1740; baseline -0.005 -18"><span class='ocrx_word' id='word_1_97' title='bbox 99 1659 195 1723; x_wconf 83' lang='lat' dir='ltr'><strong>satis</strong></span> <span class='ocrx_word' id='word_1_98' title='bbox 219 1678 277 1723; x_wconf 87' lang='lat' dir='ltr'><strong>eos</strong></span> <span class='ocrx_word' id='word_1_99' title='bbox 300 1659 462 1724; x_wconf 80' lang='lat' dir='ltr'><strong>adversus</strong></span> <span class='ocrx_word' id='word_1_100' title='bbox 480 1657 643 1740; x_wconf 90' lang='lat' dir='ltr'><strong>populum</strong></span> <span class='ocrx_word' id='word_1_101' title='bbox 665 1654 857 1719; x_wconf 84' lang='lat' dir='ltr'><strong>Romanum</strong></span> <span class='ocrx_word' id='word_1_102' title='bbox 882 1651 1071 1718; x_wconf 84' lang='lat' dir='ltr'><strong>concitatos</strong></span> <span class='ocrx_word' id='word_1_103' title='bbox 1091 1672 1205 1718; x_wconf 84' lang='lat' dir='ltr'><strong>cerne·</strong></span> 
     </span>
     <span class='ocr_line' id='line_1_14' title="bbox 99 1752 1205 1839; baseline -0.005 -16"><span class='ocrx_word' id='word_1_104' title='bbox 99 1759 182 1836; x_wconf 84' lang='lat' dir='ltr'><strong>bat,</strong></span> <span class='ocrx_word' id='word_1_105' title='bbox 206 1764 354 1823; x_wconf 87' lang='lat' dir='ltr'><strong>avertere</strong></span> <span class='ocrx_word' id='word_1_106' title='bbox 377 1758 477 1823; x_wconf 88' lang='lat' dir='ltr'><strong>etiam</strong></span> <span class='ocrx_word' id='word_1_107' title='bbox 503 1758 548 1821; x_wconf 88' lang='lat' dir='ltr'><strong>ab</strong></span> <span class='ocrx_word' id='word_1_108' title='bbox 571 1754 750 1839; x_wconf 81' lang='lat' dir='ltr'><strong>Syracusis</strong></span> <span class='ocrx_word' id='word_1_109' title='bbox 773 1754 891 1837; x_wconf 85' lang='lat' dir='ltr'><strong>coepit.</strong></span> <span class='ocrx_word' id='word_1_110' title='bbox 936 1752 1053 1818; x_wconf 85' lang='lat' dir='ltr'><strong>‘Nam</strong></span> <span class='ocrx_word' id='word_1_111' title='bbox 1076 1754 1124 1819; x_wconf 88' lang='lat' dir='ltr'><strong>ita</strong></span> <span class='ocrx_word' id='word_1_112' title='bbox 1145 1774 1205 1819; x_wconf 85' lang='lat' dir='ltr'><strong>eos</strong></span> 
     </span>
     <span class='ocr_line' id='line_1_15' title="bbox 101 1854 1205 1942; baseline -0.005 -19"><span class='ocrx_word' id='word_1_113' title='bbox 101 1878 232 1941; x_wconf 86' lang='lat' dir='ltr'><strong>pacem</strong></span> <span class='ocrx_word' id='word_1_114' title='bbox 250 1860 421 1942; x_wconf 75' lang='lat' dir='ltr'><strong>pepigisse</strong></span> <span class='ocrx_word' id='word_1_115' title='bbox 437 1876 514 1921; x_wconf 90' lang='lat' dir='ltr'><strong>cum</strong></span> <span class='ocrx_word' id='word_1_116' title='bbox 530 1856 706 1931; x_wconf 57' lang='lat' dir='ltr'><strong>&amp;mania</strong></span> <span class='ocrx_word' id='word_1_117' title='bbox 720 1860 770 1932; x_wconf 88' lang='lat' dir='ltr'><strong>ut,</strong></span> <span class='ocrx_word' id='word_1_118' title='bbox 788 1854 993 1937; x_wconf 86' lang='lat' dir='ltr'><strong>quicumque</strong></span> <span class='ocrx_word' id='word_1_119' title='bbox 1009 1854 1128 1936; x_wconf 89' lang='lat' dir='ltr'><strong>populi</strong></span> <span class='ocrx_word' id='word_1_120' title='bbox 1142 1854 1205 1918; x_wconf 87' lang='lat' dir='ltr'><strong>sub</strong></span> 
     </span>
    </p>
   </div>
   <div class='ocr_carea' id='block_1_3' title="bbox 102 1952 1342 2040">
    <p class='ocr_par' dir='ltr' id='par_1_3' title="bbox 102 1952 1342 2040">
     <span class='ocr_line' id='line_1_16' title="bbox 102 1952 1342 2040; baseline -0.003 -18"><span class='ocrx_word' id='word_1_121' title='bbox 102 1960 244 2040; x_wconf 74' lang='lat' dir='ltr'><strong>regibus</strong></span> <span class='ocrx_word' id='word_1_122' title='bbox 256 1960 409 2036; x_wconf 79' lang='lat' dir='ltr'><strong>fuissent,</strong></span> <span class='ocrx_word' id='word_1_123' title='bbox 424 1964 460 2023; x_wconf 87' lang='lat' dir='ltr'><strong>at</strong></span> <span class='ocrx_word' id='word_1_124' title='bbox 478 1974 551 2020; x_wconf 80' lang='lat' dir='ltr'><strong>sura</strong></span> <span class='ocrx_word' id='word_1_125' title='bbox 570 1955 708 2019; x_wconf 88' lang='lat' dir='ltr'><strong>ditionis</strong></span> <span class='ocrx_word' id='word_1_126' title='bbox 721 1958 833 2019; x_wconf 74' lang='lat' dir='ltr'><strong>casem</strong></span> <span class='ocrx_word' id='word_1_127' title='bbox 842 1954 872 2033; x_wconf 71' lang='grc' dir='ltr'><strong>ς’</strong></span> <span class='ocrx_word' id='word_1_128' title='bbox 886 1971 947 2017; x_wconf 90' lang='lat' dir='ltr'><strong>nec</strong></span> <span class='ocrx_word' id='word_1_129' title='bbox 965 1952 1036 2036; x_wconf 84' lang='lat' dir='ltr'><strong>jam</strong></span> <span class='ocrx_word' id='word_1_130' title='bbox 1049 1954 1206 2019; x_wconf 84' lang='lat' dir='ltr'><strong>libertate</strong></span> <span class='ocrx_word' id='word_1_131' title='bbox 1339 1980 1342 1987; x_wconf 23' lang='grc' dir='ltr'><strong>Δ</strong></span> 
     </span>
    </p>
   </div>
   <div class='ocr_carea' id='block_1_4' title="bbox 104 2052 1208 3333">
    <p class='ocr_par' dir='ltr' id='par_1_4' title="bbox 104 2052 1208 3333">
     <span class='ocr_line' id='line_1_17' title="bbox 105 2052 1205 2136; baseline -0.003 -14"><span class='ocrx_word' id='word_1_132' title='bbox 105 2064 287 2123; x_wconf 88' lang='lat' dir='ltr'><strong>contentos</strong></span> <span class='ocrx_word' id='word_1_133' title='bbox 301 2077 388 2133; x_wconf 84' lang='lat' dir='ltr'><strong>esse,</strong></span> <span class='ocrx_word' id='word_1_134' title='bbox 400 2057 464 2120; x_wconf 89' lang='lat' dir='ltr'><strong>nisi</strong></span> <span class='ocrx_word' id='word_1_135' title='bbox 474 2056 577 2120; x_wconf 88' lang='lat' dir='ltr'><strong>etiam</strong></span> <span class='ocrx_word' id='word_1_136' title='bbox 588 2060 748 2136; x_wconf 70' lang='lat' dir='ltr'><strong>regnent*</strong></span> <span class='ocrx_word' id='word_1_137' title='bbox 762 2070 803 2117; x_wconf 87' lang='lat' dir='ltr'><strong>ac</strong></span> <span class='ocrx_word' id='word_1_138' title='bbox 812 2052 1034 2118; x_wconf 76' lang='lat' dir='ltr'><strong>dominentur.</strong></span> <span class='ocrx_word' id='word_1_139' title='bbox 1068 2054 1205 2119; x_wconf 87' lang='lat' dir='ltr'><strong>Renun-</strong></span> 
     </span>
     <span class='ocr_line' id='line_1_18' title="bbox 104 2154 1208 2239; baseline -0.004 -16"><span class='ocrx_word' id='word_1_140' title='bbox 104 2157 261 2223; x_wconf 87' lang='lat' dir='ltr'><strong>tiandum</strong></span> <span class='ocrx_word' id='word_1_141' title='bbox 281 2159 383 2239; x_wconf 77' lang='lat' dir='ltr'><strong>igitur</strong></span> <span class='ocrx_word' id='word_1_142' title='bbox 396 2158 447 2221; x_wconf 88' lang='lat' dir='ltr'><strong>eis</strong></span> <span class='ocrx_word' id='word_1_143' title='bbox 461 2174 551 2234; x_wconf 88' lang='lat' dir='ltr'><strong>esse,</strong></span> <span class='ocrx_word' id='word_1_144' title='bbox 564 2154 753 2219; x_wconf 70' lang='lat' dir='ltr'><strong>leontinus</strong></span> <span class='ocrx_word' id='word_1_145' title='bbox 767 2172 902 2237; x_wconf 90' lang='lat' dir='ltr'><strong>quoque</strong></span> <span class='ocrx_word' id='word_1_146' title='bbox 921 2172 1055 2237; x_wconf 80' lang='lat' dir='ltr'><strong>aequum</strong></span> <span class='ocrx_word' id='word_1_147' title='bbox 1070 2172 1208 2219; x_wconf 79' lang='lat' dir='ltr'><strong>consero</strong></span> 
     </span>
     <span class='ocr_line' id='line_1_19' title="bbox 104 2254 1207 2339; baseline -0.003 -17"><span class='ocrx_word' id='word_1_148' title='bbox 104 2260 236 2323; x_wconf 85' lang='lat' dir='ltr'><strong>liberos</strong></span> <span class='ocrx_word' id='word_1_149' title='bbox 245 2276 321 2321; x_wconf 86' lang='lat' dir='ltr'><strong>esse</strong></span> <span class='ocrx_word' id='word_1_150' title='bbox 329 2271 360 2339; x_wconf 65' lang='grc' dir='ltr'><strong>ς’</strong></span> <span class='ocrx_word' id='word_1_151' title='bbox 371 2258 423 2322; x_wconf 77' lang='lat' dir='ltr'><strong>acl</strong></span> <span class='ocrx_word' id='word_1_152' title='bbox 434 2256 525 2339; x_wconf 92' lang='lat' dir='ltr'><strong>quod</strong></span> <span class='ocrx_word' id='word_1_153' title='bbox 538 2256 572 2319; x_wconf 90' lang='lat' dir='ltr'><strong>in</strong></span> <span class='ocrx_word' id='word_1_154' title='bbox 586 2255 661 2319; x_wconf 88' lang='lat' dir='ltr'><strong>solo</strong></span> <span class='ocrx_word' id='word_1_155' title='bbox 674 2254 766 2321; x_wconf 85' lang='lat' dir='ltr'><strong>urbis</strong></span> <span class='ocrx_word' id='word_1_156' title='bbox 781 2274 853 2320; x_wconf 78' lang='lat' dir='ltr'><strong>sure</strong></span> <span class='ocrx_word' id='word_1_157' title='bbox 865 2262 1026 2338; x_wconf 81' lang='lat' dir='ltr'><strong>tyrannus</strong></span> <span class='ocrx_word' id='word_1_158' title='bbox 1038 2254 1207 2331; x_wconf 84' lang='lat' dir='ltr'><strong>ceciderit,</strong></span> 
     </span>
     <span class='ocr_line' id='line_1_20' title="bbox 106 2354 1208 2441; baseline 0 -20"><span class='ocrx_word' id='word_1_159' title='bbox 106 2357 168 2422; x_wconf 85' lang='lat' dir='ltr'><strong>vel</strong></span> <span class='ocrx_word' id='word_1_160' title='bbox 182 2357 272 2439; x_wconf 92' lang='lat' dir='ltr'><strong>quod</strong></span> <span class='ocrx_word' id='word_1_161' title='bbox 287 2358 334 2421; x_wconf 77' lang='lat' dir='ltr'><strong>{ai</strong></span> <span class='ocrx_word' id='word_1_162' title='bbox 355 2358 496 2441; x_wconf 88' lang='lat' dir='ltr'><strong>primum</strong></span> <span class='ocrx_word' id='word_1_163' title='bbox 515 2354 765 2419; x_wconf 88' lang='lat' dir='ltr'><strong>conclamatum</strong></span> <span class='ocrx_word' id='word_1_164' title='bbox 786 2354 828 2419; x_wconf 88' lang='lat' dir='ltr'><strong>ad</strong></span> <span class='ocrx_word' id='word_1_165' title='bbox 848 2354 1046 2430; x_wconf 86' lang='lat' dir='ltr'><strong>libertatem,</strong></span> <span class='ocrx_word' id='word_1_166' title='bbox 1065 2354 1208 2421; x_wconf 81' lang='lat' dir='ltr'><strong>relictis·</strong></span> 
     </span>
     <span class='ocr_line' id='line_1_21' title="bbox 107 2454 1207 2541; baseline -0.001 -21"><span class='ocrx_word' id='word_1_167' title='bbox 107 2474 181 2540; x_wconf 83' lang='lat' dir='ltr'><strong>qus</strong></span> <span class='ocrx_word' id='word_1_168' title='bbox 203 2456 303 2539; x_wconf 77' lang='lat' dir='ltr'><strong>regiis</strong></span> <span class='ocrx_word' id='word_1_169' title='bbox 324 2456 466 2521; x_wconf 87' lang='lat' dir='ltr'><strong>ducibus</strong></span> <span class='ocrx_word' id='word_1_170' title='bbox 481 2454 672 2537; x_wconf 80' lang='lat' dir='ltr'><strong>Syracusas</strong></span> <span class='ocrx_word' id='word_1_171' title='bbox 687 2455 733 2518; x_wconf 90' lang='lat' dir='ltr'><strong>sit</strong></span> <span class='ocrx_word' id='word_1_172' title='bbox 754 2472 963 2519; x_wconf 89' lang='lat' dir='ltr'><strong>concursum.</strong></span> <span class='ocrx_word' id='word_1_173' title='bbox 1007 2455 1128 2541; x_wconf 86' lang='lat' dir='ltr'><strong>Itaque</strong></span> <span class='ocrx_word' id='word_1_174' title='bbox 1148 2464 1207 2521; x_wconf 90' lang='lat' dir='ltr'><strong>aut</strong></span> 
     </span>
     <span class='ocr_line' id='line_1_22' title="bbox 107 2552 1207 2634; baseline -0.002 -13"><span class='ocrx_word' id='word_1_175' title='bbox 107 2556 323 2621; x_wconf 82' lang='lat' dir='ltr'><strong>eximendum</strong></span> <span class='ocrx_word' id='word_1_176' title='bbox 337 2554 372 2619; x_wconf 89' lang='lat' dir='ltr'><strong>id</strong></span> <span class='ocrx_word' id='word_1_177' title='bbox 387 2557 429 2620; x_wconf 90' lang='lat' dir='ltr'><strong>de</strong></span> <span class='ocrx_word' id='word_1_178' title='bbox 445 2553 570 2618; x_wconf 81' lang='lat' dir='ltr'><strong>loedere</strong></span> <span class='ocrx_word' id='word_1_179' title='bbox 585 2572 676 2630; x_wconf 85' lang='lat' dir='ltr'><strong>esse,</strong></span> <span class='ocrx_word' id='word_1_180' title='bbox 690 2561 751 2617; x_wconf 89' lang='lat' dir='ltr'><strong>aut</strong></span> <span class='ocrx_word' id='word_1_181' title='bbox 771 2552 881 2634; x_wconf 78' lang='lat' dir='ltr'><strong>legem</strong></span> <span class='ocrx_word' id='word_1_182' title='bbox 900 2574 973 2617; x_wconf 88' lang='lat' dir='ltr'><strong>eam</strong></span> <span class='ocrx_word' id='word_1_183' title='bbox 988 2554 1127 2619; x_wconf 85' lang='lat' dir='ltr'><strong>soederis</strong></span> <span class='ocrx_word' id='word_1_184' title='bbox 1142 2575 1207 2619; x_wconf 86' lang='lat' dir='ltr'><strong>uon</strong></span> 
     </span>
     <span class='ocr_line' id='line_1_23' title="bbox 108 2650 1207 2738; baseline -0.002 -18"><span class='ocrx_word' id='word_1_185' title='bbox 108 2653 368 2737; x_wconf 66' lang='lat' dir='ltr'><strong>accipiendam!</strong></span> <span class='ocrx_word' id='word_1_186' title='bbox 411 2652 529 2717; x_wconf 81' lang='lat' dir='ltr'><strong>Facile</strong></span> <span class='ocrx_word' id='word_1_187' title='bbox 553 2650 758 2717; x_wconf 78' lang='lat' dir='ltr'><strong>multitudini</strong></span> <span class='ocrx_word' id='word_1_188' title='bbox 784 2670 997 2733; x_wconf 87' lang='lat' dir='ltr'><strong>persuasum:</strong></span> <span class='ocrx_word' id='word_1_189' title='bbox 1020 2654 1207 2738; x_wconf 82' lang='lat' dir='ltr'><strong>legatisque</strong></span> 
     </span>
     <span class='ocr_line' id='line_1_24' title="bbox 110 2750 1207 2839; baseline -0.004 -18"><span class='ocrx_word' id='word_1_190' title='bbox 110 2758 416 2839; x_wconf 84' lang='lat' dir='ltr'><strong>Syracusanorum,</strong></span> <span class='ocrx_word' id='word_1_191' title='bbox 428 2760 460 2817; x_wconf 90' lang='lat' dir='ltr'><strong>et</strong></span> <span class='ocrx_word' id='word_1_192' title='bbox 476 2751 519 2815; x_wconf 82' lang='lat' dir='ltr'><strong>dc</strong></span> <span class='ocrx_word' id='word_1_193' title='bbox 534 2750 627 2816; x_wconf 81' lang='lat' dir='ltr'><strong>caede</strong></span> <span class='ocrx_word' id='word_1_194' title='bbox 640 2751 797 2815; x_wconf 88' lang='lat' dir='ltr'><strong>stationis</strong></span> <span class='ocrx_word' id='word_1_195' title='bbox 807 2750 969 2815; x_wconf 73' lang='lat' dir='ltr'><strong>Romana</strong></span> <span class='ocrx_word' id='word_1_196' title='bbox 981 2754 1207 2836; x_wconf 87' lang='lat' dir='ltr'><strong>querentibus,</strong></span> 
     </span>
     <span class='ocr_line' id='line_1_25' title="bbox 108 2850 1208 2939; baseline -0.003 -19"><span class='ocrx_word' id='word_1_197' title='bbox 108 2864 147 2920; x_wconf 89' lang='lat' dir='ltr'><strong>et</strong></span> <span class='ocrx_word' id='word_1_198' title='bbox 164 2855 407 2939; x_wconf 87' lang='lat' dir='ltr'><strong>Hippocratem</strong></span> <span class='ocrx_word' id='word_1_199' title='bbox 422 2860 523 2935; x_wconf 87' lang='lat' dir='ltr'><strong>atque</strong></span> <span class='ocrx_word' id='word_1_200' title='bbox 533 2850 716 2935; x_wconf 85' lang='lat' dir='ltr'><strong>Epicydem</strong></span> <span class='ocrx_word' id='word_1_201' title='bbox 731 2850 824 2915; x_wconf 85' lang='lat' dir='ltr'><strong>abire</strong></span> <span class='ocrx_word' id='word_1_202' title='bbox 841 2870 899 2915; x_wconf 89' lang='lat' dir='ltr'><strong>seu</strong></span> <span class='ocrx_word' id='word_1_203' title='bbox 913 2850 1052 2930; x_wconf 89' lang='lat' dir='ltr'><strong>Locros,</strong></span> <span class='ocrx_word' id='word_1_204' title='bbox 1064 2872 1124 2917; x_wconf 87' lang='lat' dir='ltr'><strong>seu</strong></span> <span class='ocrx_word' id='word_1_205' title='bbox 1139 2873 1208 2936; x_wconf 90' lang='lat' dir='ltr'><strong>quc</strong></span> 
     </span>
     <span class='ocr_line' id='line_1_26' title="bbox 110 2950 1207 3034; baseline -0.005 -14"><span class='ocrx_word' id='word_1_206' title='bbox 110 2957 184 3020; x_wconf 90' lang='lat' dir='ltr'><strong>alio</strong></span> <span class='ocrx_word' id='word_1_207' title='bbox 198 2956 343 3030; x_wconf 85' lang='lat' dir='ltr'><strong>mallent,</strong></span> <span class='ocrx_word' id='word_1_208' title='bbox 358 2952 541 3019; x_wconf 88' lang='lat' dir='ltr'><strong>dummodo</strong></span> <span class='ocrx_word' id='word_1_209' title='bbox 557 2952 675 3015; x_wconf 87' lang='lat' dir='ltr'><strong>Sicilia</strong></span> <span class='ocrx_word' id='word_1_210' title='bbox 687 2950 854 3028; x_wconf 87' lang='lat' dir='ltr'><strong>cederent,</strong></span> <span class='ocrx_word' id='word_1_211' title='bbox 871 2950 1079 3034; x_wconf 85' lang='lat' dir='ltr'><strong>jubentibus,</strong></span> <span class='ocrx_word' id='word_1_212' title='bbox 1092 2952 1207 3016; x_wconf 82' lang='lat' dir='ltr'><strong>feroci·</strong></span> 
     </span>
     <span class='ocr_line' id='line_1_27' title="bbox 110 3052 1208 3138; baseline -0.005 -18"><span class='ocrx_word' id='word_1_213' title='bbox 110 3064 165 3121; x_wconf 82' lang='lat' dir='ltr'><strong>ter</strong></span> <span class='ocrx_word' id='word_1_214' title='bbox 189 3075 386 3138; x_wconf 87' lang='lat' dir='ltr'><strong>responsum</strong></span> <span class='ocrx_word' id='word_1_215' title='bbox 409 3060 481 3119; x_wconf 87' lang='lat' dir='ltr'><strong>est:</strong></span> <span class='ocrx_word' id='word_1_216' title='bbox 503 3052 653 3136; x_wconf 90' lang='lat' dir='ltr'><strong>‘Neque</strong></span> <span class='ocrx_word' id='word_1_217' title='bbox 672 3052 857 3117; x_wconf 84' lang='lat' dir='ltr'><strong>mandasse</strong></span> <span class='ocrx_word' id='word_1_218' title='bbox 878 3072 953 3117; x_wconf 88' lang='lat' dir='ltr'><strong>sesa</strong></span> <span class='ocrx_word' id='word_1_219' title='bbox 976 3052 1208 3136; x_wconf 83' lang='lat' dir='ltr'><strong>Syracusanis,</strong></span> 
     </span>
     <span class='ocr_line' id='line_1_28' title="bbox 111 3150 1207 3238; baseline -0.002 -20"><span class='ocrx_word' id='word_1_220' title='bbox 111 3164 149 3220; x_wconf 92' lang='lat' dir='ltr'><strong>nt</strong></span> <span class='ocrx_word' id='word_1_221' title='bbox 163 3174 281 3238; x_wconf 88' lang='lat' dir='ltr'><strong>pacem</strong></span> <span class='ocrx_word' id='word_1_222' title='bbox 295 3174 356 3237; x_wconf 91' lang='lat' dir='ltr'><strong>pro</strong></span> <span class='ocrx_word' id='word_1_223' title='bbox 371 3174 409 3218; x_wconf 86' lang='lat' dir='ltr'><strong>ae</strong></span> <span class='ocrx_word' id='word_1_224' title='bbox 424 3173 500 3219; x_wconf 91' lang='lat' dir='ltr'><strong>curu</strong></span> <span class='ocrx_word' id='word_1_225' title='bbox 515 3150 683 3217; x_wconf 86' lang='lat' dir='ltr'><strong>Romanis</strong></span> <span class='ocrx_word' id='word_1_226' title='bbox 698 3150 862 3215; x_wconf 86' lang='lat' dir='ltr'><strong>facerent:</strong></span> <span class='ocrx_word' id='word_1_227' title='bbox 886 3170 992 3234; x_wconf 89' lang='lat' dir='ltr'><strong>nequa</strong></span> <span class='ocrx_word' id='word_1_228' title='bbox 1007 3153 1112 3216; x_wconf 86' lang='lat' dir='ltr'><strong>teneri</strong></span> <span class='ocrx_word' id='word_1_229' title='bbox 1127 3152 1207 3216; x_wconf 84' lang='lat' dir='ltr'><strong>alie-</strong></span> 
     </span>
     <span class='ocr_line' id='line_1_29' title="bbox 111 3250 1207 3333; baseline -0.004 -15"><span class='ocrx_word' id='word_1_230' title='bbox 111 3256 167 3320; x_wconf 90' lang='lat' dir='ltr'><strong>nis</strong></span> <span class='ocrx_word' id='word_1_231' title='bbox 181 3250 383 3320; x_wconf 70' lang='lat' dir='ltr'><strong>foederibus!</strong></span> <span class='ocrx_word' id='word_1_232' title='bbox 427 3252 518 3317; x_wconf 72' lang='lat' dir='ltr'><strong>Hanc</strong></span> <span class='ocrx_word' id='word_1_233' title='bbox 532 3251 577 3314; x_wconf 87' lang='lat' dir='ltr'><strong>ad</strong></span> <span class='ocrx_word' id='word_1_234' title='bbox 592 3250 768 3314; x_wconf 86' lang='lat' dir='ltr'><strong>Romanos</strong></span> <span class='ocrx_word' id='word_1_235' title='bbox 791 3250 993 3333; x_wconf 87' lang='lat' dir='ltr'><strong>Syracusani</strong></span> <span class='ocrx_word' id='word_1_236' title='bbox 1017 3253 1207 3327; x_wconf 81' lang='lat' dir='ltr'><strong>detulerunt,</strong></span> 
     </span>
    </p>
   </div>
   <div class='ocr_carea' id='block_1_5' title="bbox 143 3446 865 3577">
    <p class='ocr_par' dir='ltr' id='par_1_5' title="bbox 143 3446 865 3577">
     <span class='ocr_line' id='line_1_30' title="bbox 143 3446 727 3511; baseline -0.014 -11"><span class='ocrx_word' id='word_1_237' title='bbox 143 3446 727 3511; x_wconf 58' lang='lat' dir='ltr'><strong>&#39;manaimummm</strong></span> 
     </span>
     <span class='ocr_line' id='line_1_31' title="bbox 145 3508 865 3577; baseline -0.01 -13"><span class='ocrx_word' id='word_1_238' title='bbox 145 3508 865 3577; x_wconf 62' lang='lat' dir='ltr'><strong>‘sitieramfflatatemlemaitpeiltloiaaa</strong></span> 
     </span>
    </p>
   </div>
   <div class='ocr_carea' id='block_1_6' title="bbox 574 3667 754 3691">
    <p class='ocr_par' dir='ltr' id='par_1_6' title="bbox 574 3667 754 3691">
     <span class='ocr_line' id='line_1_32' title="bbox 574 3667 754 3691; baseline -0.011 0"><span class='ocrx_word' id='word_1_239' title='bbox 574 3667 754 3691; x_wconf 64' lang='lat' dir='ltr'><strong>”mooun</strong></span> 
     </span>
    </p>
   </div>
   <div class='ocr_carea' id='block_1_7' title="bbox 113 3782 1209 3913">
    <p class='ocr_par' dir='ltr' id='par_1_7' title="bbox 113 3782 1209 3913">
     <span class='ocr_line' id='line_1_33' title="bbox 113 3782 1209 3899; baseline -0.005 -63"><span class='ocrx_word' id='word_1_240' title='bbox 113 3789 160 3899; x_wconf 58' lang='lat' dir='ltr'><strong>D:</strong></span> <span class='ocrx_word' id='word_1_241' title='bbox 180 3782 366 3899; x_wconf 44' lang='lat' dir='ltr'><strong>litterum</strong></span> <span class='ocrx_word' id='word_1_242' title='bbox 385 3784 453 3835; x_wconf 79' lang='lat' dir='ltr'><strong>Edd.</strong></span> <span class='ocrx_word' id='word_1_243' title='bbox 470 3784 504 3834; x_wconf 80' lang='lat' dir='ltr'><strong>ab</strong></span> <span class='ocrx_word' id='word_1_244' title='bbox 521 3786 628 3835; x_wconf 65' lang='lat' dir='ltr'><strong>mur.</strong></span> <span class='ocrx_word' id='word_1_245' title='bbox 648 3784 681 3834; x_wconf 80' lang='lat' dir='ltr'><strong>ad</strong></span> <span class='ocrx_word' id='word_1_246' title='bbox 700 3784 866 3835; x_wconf 71' lang='lat' dir='ltr'><strong>Gronau-i</strong></span> <span class='ocrx_word' id='word_1_247' title='bbox 883 3782 979 3843; x_wconf 68' lang='lat' dir='ltr'><strong>aegest</strong></span> <span class='ocrx_word' id='word_1_248' title='bbox 997 3782 1073 3829; x_wconf 85' lang='lat' dir='ltr'><strong>Grut.</strong></span> <span class='ocrx_word' id='word_1_249' title='bbox 1095 3782 1209 3830; x_wconf 80' lang='lat' dir='ltr'><strong>Gronov.</strong></span> 
     </span>
     <span class='ocr_line' id='line_1_34' title="bbox 160 3863 206 3913; baseline 0 -14"><span class='ocrx_word' id='word_1_250' title='bbox 160 3863 206 3913; x_wconf 77' lang='lat' dir='ltr'><strong>aya</strong></span> 
     </span>
    </p>
   </div>
   <div class='ocr_carea' id='block_1_8' title="bbox 606 3958 714 4011">
    <p class='ocr_par' dir='ltr' id='par_1_8' title="bbox 606 3958 714 4011">
     <span class='ocr_line' id='line_1_35' title="bbox 606 3958 714 4011; baseline -0.009 -1"><span class='ocrx_word' id='word_1_251' title='bbox 606 3958 714 4011; x_wconf 75' lang='lat' dir='ltr'>NOTAE</span> 
     </span>
    </p>
   </div>
   <div class='ocr_carea' id='block_1_9' title="bbox 113 4066 1232 4287">
    <p class='ocr_par' dir='ltr' id='par_1_9' title="bbox 113 4066 1232 4287">
     <span class='ocr_line' id='line_1_36' title="bbox 147 4066 1232 4136; baseline -0.007 -13"><span class='ocrx_word' id='word_1_252' title='bbox 147 4073 286 4123; x_wconf 66' lang='lat' dir='ltr'><strong>‘Finitima</strong></span> <span class='ocrx_word' id='word_1_253' title='bbox 300 4074 429 4136; x_wconf 67' lang='lat' dir='ltr'><strong>perlida</strong></span> <span class='ocrx_word' id='word_1_254' title='bbox 441 4070 565 4134; x_wconf 58' lang='lat' dir='ltr'><strong>Ram]</strong></span> <span class='ocrx_word' id='word_1_255' title='bbox 576 4072 645 4123; x_wconf 67' lang='lat' dir='ltr'><strong>loca</strong></span> <span class='ocrx_word' id='word_1_256' title='bbox 679 4084 807 4126; x_wconf 72' lang='lat' dir='ltr'><strong>morum.</strong></span> <span class='ocrx_word' id='word_1_257' title='bbox 825 4069 869 4134; x_wconf 89' lang='lat' dir='ltr'><strong>qui</strong></span> <span class='ocrx_word' id='word_1_258' title='bbox 888 4069 987 4131; x_wconf 72' lang='lat' dir='ltr'><strong>legatos</strong></span> <span class='ocrx_word' id='word_1_259' title='bbox 1005 4066 1037 4117; x_wconf 81' lang='lat' dir='ltr'><strong>ad</strong></span> <span class='ocrx_word' id='word_1_260' title='bbox 1057 4068 1232 4119; x_wconf 78' lang='lat' dir='ltr'><strong>Marcellum.</strong></span> 
     </span>
     <span class='ocr_line' id='line_1_37' title="bbox 113 4146 1087 4203; baseline -0.002 -6"><span class='ocrx_word' id='word_1_261' title='bbox 113 4148 215 4197; x_wconf 81' lang='lat' dir='ltr'><strong>scilicet</strong></span> <span class='ocrx_word' id='word_1_262' title='bbox 225 4148 332 4199; x_wconf 80' lang='lat' dir='ltr'><strong>ditionis</strong></span> <span class='ocrx_word' id='word_1_263' title='bbox 342 4148 462 4199; x_wconf 75' lang='lat' dir='ltr'><strong>Romana</strong></span> <span class='ocrx_word' id='word_1_264' title='bbox 473 4147 557 4197; x_wconf 81' lang='lat' dir='ltr'><strong>vicina</strong></span> <span class='ocrx_word' id='word_1_265' title='bbox 565 4147 647 4197; x_wconf 77' lang='lat' dir='ltr'><strong>Leon·</strong></span> <span class='ocrx_word' id='word_1_266' title='bbox 682 4150 813 4203; x_wconf 83' lang='lat' dir='ltr'><strong>miserant,</strong></span> <span class='ocrx_word' id='word_1_267' title='bbox 826 4148 857 4197; x_wconf 84' lang='lat' dir='ltr'><strong>da</strong></span> <span class='ocrx_word' id='word_1_268' title='bbox 868 4146 965 4197; x_wconf 79' lang='lat' dir='ltr'><strong>fudere</strong></span> <span class='ocrx_word' id='word_1_269' title='bbox 976 4152 1087 4197; x_wconf 75' lang='lat' dir='ltr'><strong>acturos.</strong></span> 
     </span>
     <span class='ocr_line' id='line_1_38' title="bbox 114 4223 649 4287; baseline -0.002 -15"><span class='ocrx_word' id='word_1_270' title='bbox 114 4223 193 4273; x_wconf 79' lang='lat' dir='ltr'><strong>riou:</strong></span> <span class='ocrx_word' id='word_1_271' title='bbox 210 4223 291 4287; x_wconf 81' lang='lat' dir='ltr'><strong>liquo</strong></span> <span class='ocrx_word' id='word_1_272' title='bbox 306 4230 400 4275; x_wconf 85' lang='lat' dir='ltr'><strong>contra</strong></span> <span class='ocrx_word' id='word_1_273' title='bbox 414 4230 527 4275; x_wconf 80' lang='lat' dir='ltr'><strong>mantem</strong></span> <span class='ocrx_word' id='word_1_274' title='bbox 537 4223 649 4286; x_wconf 79' lang='lat' dir='ltr'><strong>Syracu·</strong></span> 
     </span>
    </p>
   </div>
   <div class='ocr_carea' id='block_1_10' title="bbox 0 0 1488 4767">
    <p class='ocr_par' dir='ltr' id='par_1_10' title="bbox 0 0 1488 4767">
     <span class='ocr_line' id='line_1_39' title="bbox 0 0 1488 4767; baseline 0 0"><span class='ocrx_word' id='word_1_275' title='bbox 0 0 1488 4767; x_wconf 95' lang='lat' dir='ltr'><strong> </strong></span> 
     </span>
    </p>
   </div>
  </div>
 </body>
</html>
