2917 4767
414 368 519 418 Lllllll
544 368 599 416 xl.
622 368 943 419 surrentinorum.

109 506 227 568 eonmli
238 506 355 584 legatus
367 508 434 578 ibo,
447 509 592 589 particeps
605 508 716 567 iuturus
725 509 820 567 omnis
831 502 968 578 fortune,
977 528 1065 587 quam

113 614 170 661 aut
189 602 316 661 iuverim
333 602 469 671 dabitur,
488 612 539 660 aut
558 602 665 663 iacere.
708 603 803 680 Viget
822 603 918 662 adhuc
931 604 1064 671 animum

112 716 220 774 neque,
235 705 269 754 ut
290 697 321 754 in
343 697 402 755 lrac
421 706 522 765 etate,
534 698 640 755 virium
653 698 780 775 corporis
791 698 927 776 poenitet:
950 716 1066 776 poenrm

111 792 240 871 perferre
262 789 381 850 militiae
403 790 528 861 labores,
550 812 664 870 possum
686 793 714 851 in
729 794 792 852 acie
803 802 891 861 stare,
901 803 944 861 et,
956 795 980 851 si
993 794 1066 852 nihil

111 886 206 955 aliud,
226 888 372 945 memoria
387 896 517 945 vetemm
533 906 694 965 pugnarum
715 897 821 946 terrere
837 889 944 957 hostes,
960 888 1065 946 alacri·

110 988 205 1039 tatem
215 1000 326 1057 augere
339 990 519 1047 nostromm;
540 990 581 1049 et,
596 982 675 1059 quod
687 991 777 1060 caput
796 992 851 1049 est,
863 1001 979 1060 pomum
992 982 1064 1041 ado·

111 1073 290 1133 leseentiam
303 1074 443 1143 conmlis,
456 1092 521 1152 qnae
533 1073 597 1133 sola
609 1094 701 1133 rerum
714 1078 809 1134 secius
822 1084 965 1152 gestorum
977 1096 1067 1136 eausa

111 1178 169 1236 est,
188 1188 291 1245 regere
313 1168 450 1238 consilio,
466 1177 497 1227 et
521 1170 617 1227 etatis
634 1169 816 1248 praefervida
837 1171 962 1248 impetus
982 1172 1067 1230 senili

111 1263 255 1322 contione
269 1270 442 1342 temperare.
485 1262 555 1321 Nisi
568 1262 622 1322 filii
636 1264 784 1340 ingenium
796 1274 1067 1343 tenerem,eumque

113 1365 196 1415 reete
212 1358 349 1415 monenti
362 1376 470 1415 morem
484 1376 545 1416 ense
559 1368 702 1435 gesturum
715 1358 903 1428 confiderem,
913 1359 1022 1418 nollem
1037 1362 1067 1419 in

114 1450 175 1509 flue
188 1470 283 1530 prope
297 1452 368 1509 vitre
381 1452 443 1509 sine
455 1450 598 1511 dedecore
614 1461 700 1521 ectae,
714 1462 781 1531 post
795 1462 840 1511 tot
850 1453 1017 1512 consulatus
1028 1474 1067 1513 ex

113 1548 266 1604 sententia
278 1566 347 1605 mee
365 1556 517 1625 vestraque
530 1558 636 1624 gestos,
653 1557 720 1626 post
732 1549 864 1624 ingentes
884 1548 1024 1607 victorias
1037 1559 1069 1609 et

115 1641 248 1699 illustres
270 1641 443 1720 triumphos,
470 1650 515 1700 tot
540 1662 679 1701 annorum
706 1643 856 1701 laboribus
875 1644 1068 1723 periculisque

115 1744 234 1813 pomam
258 1735 332 1793 belli
353 1734 491 1812 domique
513 1736 647 1812 glorium,
664 1738 749 1794 unius
764 1737 883 1814 juvenis
895 1737 1067 1796 inconsulte

120 1830 281 1887 temeritati
294 1828 536 1907 corrumpendam
550 1832 736 1908 permittere.’

163 1930 193 1995 Β,
217 1922 301 1982 Huic
313 1925 440 1982 orationi
453 1944 507 1982 nec
525 1924 563 1982 ad
577 1924 737 1982 movendos
754 1924 940 2001 presentium
954 1926 1069 1983 animos

118 2017 249 2097 pondus,
266 2037 319 2076 nec
334 2018 372 2077 ad
387 2019 571 2095 sponsionem
587 2018 715 2075 melioris
737 2025 858 2075 eventus
879 2016 953 2075 tides
964 2017 1069 2077 defuit.

1143 354 1229 421 1409

118 2111 245 2170 Summo
265 2112 396 2170 omnium
419 2130 559 2170 consensu
573 2112 720 2187 legatione
734 2110 864 2179 decreta,
878 2112 964 2169 rebus
976 2115 1070 2171 omni·
1098 2112 1148 2161 Dio
1157 2114 1223 2177 *pud

119 2207 174 2265 bus
195 2207 394 2265 intentissima
412 2224 483 2264 cura
502 2207 634 2284 provisis,
648 2225 705 2263 non
724 2206 834 2264 minore
847 2204 947 2264 farore
959 2226 1070 2286 speque
1083 2176 1165 2225 vm

120 2300 270 2380 profectus
281 2300 384 2360 consul
398 2310 452 2369 est,
467 2320 554 2379 quam
563 2300 653 2380 paulo
666 2310 733 2360 ante
741 2303 882 2361 conviciis
892 2311 923 2360 ct
935 2303 1068 2380 indigue-

119 2396 349 2454 n'oneredieret.
384 2393 422 2452 Iu
434 2395 536 2453 itinere
546 2393 652 2453 deinde
663 2404 694 2453 et
702 2397 805 2454 cmtris
812 2396 883 2454 nihil
898 2397 1069 2456 nocendis-

121 2490 235 2568 ciplina
242 2491 407 2567 veterisque
417 2490 597 2567 imperatoris
611 2490 721 2548 artibus
732 2500 863 2549 curatum
871 2500 934 2548 est:
948 2500 978 2548 et
986 2494 1069 2561 socii,

121 2604 195 2661 quos
208 2585 251 2649 Q.
267 2584 379 2642 Fabius
393 2593 476 2662 pater
488 2582 589 2641 multis
601 2583 753 2642 beneficiis
771 2594 802 2642 et
817 2585 932 2643 virtutis
945 2584 1070 2646 admira-

122 2680 202 2739 tione
228 2678 415 2745 devinxerat,
443 2677 481 2736 ad
506 2679 605 2737 omnio
630 2698 695 2755 quae
722 2680 949 2757 imperabantur,
967 2690 1071 2759 prato

124 2770 213 2831 suere.
247 2772 365 2831 Milites
377 2774 468 2831 etiam
481 2773 546 2851 ipsi,
560 2770 694 2831 dolende
703 2774 868 2849 ignominie
879 2772 992 2851 cupidi,
1002 2793 1071 2832 con-

125 2866 231 2944 fisique
243 2866 374 2925 consiliis
385 2868 449 2942 ejus
462 2866 557 2935 ducis,
570 2867 623 2924 sub
643 2887 701 2944 quo
722 2866 846 2925 eandem
861 2866 945 2924 illem
957 2876 1072 2943 gentem

127 2978 146 3017 a
157 2980 190 3018 ee
203 2962 390 3039 patribusque
400 2961 459 3018 suis
470 2980 547 3039 crepe
560 2960 655 3019 lusam
668 2960 857 3037 fugatamque
872 2962 1071 3031 meminerant,

127 3055 243 3132 copiam
252 3074 319 3115 cum
333 3055 417 3113 hoste
428 3052 605 3131 confligendi
617 3054 682 3113 dari
696 3056 773 3113 votis
784 3053 1072 3113 omnibusdeeldere·

127 3148 208 3229 bunt.
237 3147 348 3226 Neque
361 3149 486 3207 minores
497 3168 516 3207 a
529 3151 637 3207 recenti
651 3148 775 3207 victorie
788 3146 972 3204 Samnitibus
984 3148 1074 3206 animi

126 3252 229 3300 erent:
260 3242 304 3301 itu
326 3262 392 3301 curn
414 3242 443 3299 hi
467 3252 581 3321 partum
593 3243 685 3302 decus
697 3244 831 3310 retinere
846 3240 892 3298 illi
905 3260 1074 3320 recuperare
1183 3281 1189 3291 ·

128 3337 434 3395 amissumnitereutur
437 3338 722 3414 ‚summisutrimque
733 3338 1073 3397 viribuseoncuroumeet.

167 3438 197 3489 o.
220 3430 297 3488 Et'
283 3450 347 3507 Jam
369 3432 511 3490 deteriore
535 3431 601 3491 loeo
625 3452 670 3490 res
692 3430 833 3489 Romana
851 3450 913 3488 erse
935 3442 1120 3544 eruperat,²²
1103 3429 1227 3479 ΟΜΝ-

128 3530 368 3609 consulemque'
360 3552 454 3611 ipsum
476 3532 538 3590 dux
560 3530 737 3589 hostiumO.
752 3530 881 3588 Pontius
903 3496 1129 3591 Herennius²²

129 3643 194 3683 eum
206 3624 324 3685 delecte
337 3646 424 3684 manu
438 3626 699 3691 circumveniebat:
715 3644 793 3692 cum,
806 3624 1008 3683 animadverso
1021 3626 1076 3686 lilii

129 3719 270 3797 periculo,
280 3720 447 3779 Maximus'
441 3740 470 3778 rn
480 3720 641 3779 confertum
652 3718 828 3777 Samnitium
838 3738 941 3795 agmen
950 3718 1076 3779 admisso

12 3826 13 3831 ’
132 3832 206 3890 equo
217 3834 248 3871 ee
261 3813 374 3872 intulit.
418 3814 544 3873 Secutus
564 3824 609 3871 est
630 3816 760 3893 equitum
777 3813 891 3890 globus,
905 3833 993 3892 supra
1005 3814 1074 3871 soli·

12 3962 13 3973 ,
130 3916 191 3965 tam
203 3908 388 3969 alacritatem
401 3907 511 3986 pudore
526 3928 675 3977 accensus,
689 3910 712 3965 si
726 3918 771 3967 tot
789 3908 982 3965 florentissimi
988 3908 1075 3983 juve-

132 4020 183 4061 nes
201 4004 306 4062 animis
324 4013 355 4061 et
376 4002 479 4061 robore
496 4022 515 4061 a
536 4023 605 4061 sene
629 4005 821 4061 vincerentur.
864 4000 928 4059 llic
952 4001 1078 4081 impetus

133 4096 218 4155 totius
231 4096 325 4177 praelii
339 4096 485 4157 fortunam
498 4098 598 4157 traxit.
641 4096 809 4156 Sustinuere
823 4095 947 4175 primum
961 4094 1074 4156 Roma
