2917 4767
489 401 562 450 nra.
587 397 674 449 xxt.
699 401 783 448 one.
806 382 860 450 19.
1144 383 1230 452 1683

97 541 191 608 suso
207 545 362 609 ‘bellum
375 542 471 608 date'
485 543 642 622 diruisset,
659 547 834 627 ‘accipere
850 543 902 607 sa’
917 561 1031 608 omnes
1046 545 1229 628 respoude-

98 653 208 724 runt,
224 651 297 725 ‘et,
312 646 440 730 quibua
454 646 643 728 acciperent
657 645 789 720 mimia,
804 644 923 709 iisdem
939 665 976 710 se
985 653 1010 696 ¹⁷
1025 645 1199 727 gesturos?

151 750 218 814 19.
244 749 337 814 Haec
352 747 478 811 directa
491 749 723 830 percunctatio
739 766 779 810 ac
794 746 1004 811 denuntiatio
1018 747 1098 811 belli
1120 747 1229 830 magis

102 869 157 914 ex
175 851 350 933 dignitate
363 847 484 931 populi
492 846 640 912 Romani
648 849 724 912 risa
733 853 796 926 cst,
808 866 909 930 quam
921 848 963 910 de
977 848 1141 912 ioederum
1153 849 1229 932 jura

103 953 237 1016 verbis
251 952 454 1034 disceptare,
469 969 546 1013 curn
566 958 656 1026 aute,
679 955 748 1014 tum
765 951 912 1013 maxime
926 949 1080 1031 Sagunto
1100 951 1230 1015 excisa.

105 1052 228 1131 Nam,
254 1055 287 1117 ai
311 1053 486 1116 verborum
508 1049 781 1133 disceptationia⁵
802 1071 857 1114 res
882 1056 985 1127 esset,
1016 1051 1095 1134 quid
1119 1051 1231 1116 ioedua

108 1153 360 1219 Hasdrubalis
371 1153 398 1192 ¹⁸
420 1171 497 1217 cum
520 1153 646 1216 Lutatii
669 1153 780 1235 priora
795 1151 934 1229 loedere,
958 1152 1046 1236 quod
1065 1159 1230 1218 mutatum

109 1264 185 1332 est,
200 1254 468 1338 comparandum
483 1256 582 1317 erati
605 1273 681 1317 cum
697 1255 731 1317 in
745 1253 874 1317 Lutatii
890 1253 1017 1318 l‘oederc
1032 1253 1155 1319 diserte
1171 1253 1233 1319 ad·

112 1357 231 1420 ditum
248 1364 354 1429 esset,
378 1357 445 1419 ‘ita
460 1356 493 1419 id
510 1363 617 1420 ratum
632 1356 714 1433 iore,
739 1356 768 1419 si
786 1355 932 1438 populun
948 1355 1174 1420 censuissetl¹
1197 1356 1233 1419 in

120 1458 363 1522 Hasdrubalis
377 1456 504 1520 ioedere
517 1474 580 1520 nec
594 1462 777 1539 exceptum
794 1457 862 1521 tale
877 1460 1055 1542 quicquam
1071 1458 1183 1534 fuerit,
1198 1464 1234 1520 et

115 1566 175 1624 tot
189 1579 357 1624 annorum
373 1559 507 1622 silentio
520 1559 568 1623 ita
580 1557 660 1622 viro
671 1578 713 1624 eo
724 1561 980 1641 comprobatum
996 1561 1040 1623 sit
1054 1558 1179 1636 ioedus,
1196 1563 1234 1625 ut

117 1681 164 1728 ue
188 1665 325 1726 mortuo
352 1658 488 1742 quidem
512 1666 653 1722 auctore
668 1659 852 1742 quicquam
875 1665 1068 1724 mutaretur.
1115 1659 1234 1738 Quan-

120 1783 227 1846 quam
251 1769 298 1838 et,
320 1761 352 1824 ei
372 1762 481 1844 priore
491 1767 517 1809 ¹⁹
536 1759 665 1824 loedere
692 1756 861 1836 artaretur,l
884 1761 967 1824 satis
995 1765 1130 1823 cautum
1162 1768 1235 1824 erat

121 1862 337 1945 Saguntinis,
352 1861 454 1925 sociis
466 1867 681 1942 utrorumque
696 1861 863 1943 exceptis.
908 1861 941 1925 N
945 1881 999 1924 am
1019 1879 1126 1943 ncque
1141 1861 1235 1927 addi-

123 1973 305 2040 temerat,
325 1963 401 2039 ‘iis,
416 1962 474 2046 qui
492 1961 714 2040 concessant:
739 1981 813 2040 nec,
835 1965 899 2025 ‘ne
912 1963 972 2045 qui
994 1969 1116 2045 postea
1139 1981 1236 2027 assu-

126 2066 322 2131 merentur?
366 2063 508 2129 Etcum
535 2083 708 2129 assumere
729 2083 839 2128 novos
864 2063 979 2129 liceret
1006 2065 1131 2142 socios,
1159 2065 1237 2147 quia

128 2187 265 2251 acquum
282 2172 446 2242 censeret,
461 2172 519 2231 aot
532 2168 577 2229 ob
601 2167 693 2231 nulla
706 2184 895 2250 quenquam
920 2166 1041 2230 marita
1059 2165 1093 2228 in
1121 2167 1236 2230 amici·

127 2269 213 2334 tiam
230 2267 359 2353 recipit
379 2273 438 2331 aut
453 2273 607 2350 receptos
630 2269 663 2330 in
688 2265 791 2331 fidem
816 2285 882 2330 uon
905 2266 1069 2332 defendit
1094 2253 1236 2344 tuntum,¹

589 2429 774 2452 ”annun

131 2536 174 2580 rat
183 2531 255 2591 juna
264 2531 391 2579 ictu-ld
411 2529 456 2592 tn,
465 2529 526 2593 paud
537 2529 579 2578 dia
590 2529 657 2592 conl·
674 2527 838 2578 Rauen-ll
853 2527 886 2576 ‘ri
903 2543 929 2577 aa
948 2533 1008 2578 aute
1022 2533 1133 2590 gerturrr
1148 2527 1238 2578 delen·

131 2595 197 2710 &tud
207 2595 542 2718 amministrandam,
550 2659 591 2720 ξι.
607 2670 622 2705 e
634 2653 699 2703 llas.
709 2654 780 2705 Flor.
791 2661 818 2703 et
827 2653 901 2704 Vorn.
913 2655 1037 2704 madente
1048 2653 1076 2705 J·
1086 2657 1112 2704 F.
1121 2655 1238 2706 Gronov.

133 2727 237 2785 reecpit
248 2723 330 2771 Drak-
341 2737 389 2784 pro
400 2721 546 2832 ”¹¹le
555 2721 637 2780 fadar
646 2717 683 2769 Η.
695 2735 748 2767 caat
759 2719 791 2794 ᾧ.
800 2733 825 2794 p.
836 2718 862 2778 s.
878 2725 1044 2811 commutatust
1052 2727 1096 2775 ert.
1104 2735 1239 2796 campanea.

133 2792 191 2861 μαι
199 2803 249 2838 noa
258 2790 323 2849 erut,
332 2789 458 2836 cam-lt
496 2786 548 2849 aig.
566 2785 708 2847 manat
718 2787 764 2832 ctat
773 2797 863 2846 prnrn
917 2781 947 2832 St
960 2783 1212 2845 majorianum
1224 2800 1239 2836 a

632 2925 743 2980 NOTAE

132 3036 193 3088 beo
211 3038 345 3081 auctores.
377 3027 538 3078 Electioneua
556 3026 619 3076 belli
639 3032 667 3076 et
708 3022 916 3087 Carthaginienal
936 3022 1052 3086 percurri
1070 3023 1095 3072 in
1116 3009 1242 3090 Hispanit'

135 3109 208 3172 pacta
229 3106 356 3156 muana
374 3103 496 3168 legationi
516 3104 633 3152 relictam
651 3115 669 3150 a
707 3116 768 3150 cunt
788 3101 925 3152 Rumauint
943 3100 1020 3149 aliam
1039 3103 1177 3152 anterioria
1194 3102 1241 3152 sta.

136 3180 397 3246 cantagiaieuaibua
416 3179 498 3230 refert
517 3194 576 3230 curn
595 3180 669 3230 livio
708 3176 779 3226 deria
790 3175 835 3226 icti
846 3190 861 3224 a
873 3176 978 3226 Lutatio
990 3190 1047 3226 rum
1060 3177 1148 3225 Ptenis
1161 3177 1187 3226 in
1200 3179 1241 3228 Si·

135 3260 222 3310 Varro
231 3255 304 3319 apud
316 3257 349 3306 Α.
359 3255 479 3318 ,Gelliam
491 3255 536 3304 tta.
550 3268 669 3320 xncap·
708 3251 779 3312 cilia,
789 3250 857 3315 quod
875 3265 891 3299 a
908 3250 1029 3300 Romania
1046 3258 1172 3300 motatum
1185 3251 1241 3303 fue·

135 3337 178 3384 n.
211 3329 357 3384 aetiten,
367 3339 395 3378 et
410 3338 472 3394 pust
484 3345 544 3379 eam
556 3330 669 3394 Pompo·
710 3334 769 3378 tat:
790 3327 827 3375 uti
838 3332 917 3376 antea
928 3335 969 3376 eat
983 3325 1202 3384 demonstratum.
1212 3337 1241 3378 at

136 3411 196 3459 nina
211 3405 422 3464 Jnriaeuuaultua,
436 3405 463 3454 in
483 3405 568 3458 latr.
587 3407 621 3456 D.
634 3403 669 3457 da
709 3419 743 3456 ea
755 3403 866 3454 decenni
875 3403 1127 3466 Carthaginienssum
1137 3404 1242 3456 silentio

138 3486 214 3546 orig.
223 3483 310 3546 ὃπως
325 3485 367 3530 aa.
378 3481 470 3542 tradit,
481 3488 595 3530 temerat
604 3481 671 3532 duaa
710 3479 849 3530 evincitur.

138 3567 276 3622 porrectas
287 3556 554 3619 Carthaginiensibus,
569 3556 597 3606 in
608 3571 672 3620 qua·
744 3552 756 3588 ¹
768 3557 801 3606 El
809 3555 832 3604 ai
841 3556 1019 3618 prioresadere
1029 3554 1145 3617 rimatur]
1157 3557 1243 3608 Urita-

139 3651 196 3688 rata
206 3636 295 3690 altera
308 3633 428 3690 caducei,
446 3634 479 3688 iu,
490 3634 573 3682 altem
590 3634 672 3684 irrata
712 3633 764 3682 tim
774 3632 912 3692 eatsoederi
922 3639 1003 3682 utare:
1014 3633 1145 3682 indicatur
1156 3641 1243 3686 anteat

140 3717 279 3774 walam
293 3721 380 3766 errem
397 3711 488 3761 inrisa.
506 3711 575 3761 Flur.
586 3711 630 3760 lib.
640 3723 673 3760 tt·
710 3709 754 3760 laic
767 3712 837 3773 priua
851 3707 946 3764 smdua,
965 3723 1014 3758 nou
1026 3709 1100 3772 quale
1112 3723 1128 3757 a
1139 3709 1244 3759 ertatia

140 3806 198 3856 cap.
218 3794 245 3840 8.
264 3804 281 3838 a
298 3789 388 3838 Prauia
407 3789 593 3840 rucclamatum
614 3801 673 3838 eaaa
712 3783 872 3846 initum,rad
892 3784 968 3847 qrrale
988 3796 1004 3831 a
1021 3783 1117 3845 popnlo
1129 3782 1244 3832 Romano

141 3868 177 3920 ait
194 3865 291 3922 bellan,
308 3863 383 3927 quati
399 3863 458 3925 ipai,
476 3862 578 3926 reiecta
599 3877 674 3926 paee,
713 3855 999 3910 reformatnmsueratt
1015 3856 1180 3920 quoquidenr
1198 3855 1245 3904 ima

141 3940 386 4002 belinmelngeriut.
713 3939 778 3988 dere
800 3933 1089 3999 comprehendebantur
1116 3934 1244 3998 utrimque

170 4019 179 4052 ¹
194 4017 224 4068 al
238 4017 367 4068 ennom
383 4013 574 4078 disceptationis]
588 4015 616 4065 sl
635 4030 675 4064 ra·
714 4015 787 4076 mcii,
799 4011 968 4074 nonprreeiaa
978 4009 1021 4073 qni
1032 4016 1093 4057 tnnc
1106 4017 1189 4070 erant,
1198 4013 1244 4060 red

142 4096 212 4144 tione
222 4091 364 4156 agendum,
374 4099 402 4141 et
413 4090 500 4138 veruta
516 4091 675 4140 contenden-
714 4088 870 4152 generaliter
882 4101 889 4132 r
907 4086 946 4134 lta
957 4094 986 4134 ut
997 4085 1076 4134 ctiam
1088 4083 1169 4136 futuri
1182 4088 1245 4138 socii

142 4168 323 4230 taminiam,
342 4166 482 4216 conatabat
500 4167 576 4215 aliam
594 4165 674 4218 inlate
715 4181 748 4217 eo
757 4162 885 4214 contineri
895 4161 1054 4212 riderentur.

141 4247 319 4300 conditionem
336 4239 441 4292 sudaria
457 4242 491 4292 alr
509 4241 675 4294 Hasdrubale
