2917 4767
239 336 326 402 1530

240 658 309 708 Oros.

242 788 317 837 Diod.

735 356 770 406 Τ.
793 358 887 407 bll'll

407 498 536 575 quinque
549 507 580 557 et
590 499 693 577 viginti
707 500 802 560 millia
816 500 972 561 liberorum
984 502 1126 581 capitum,
1142 503 1171 560 in
1185 500 1372 561 servitutem
1457 542 1458 549 ι

257 594 369 642 Diodes
406 594 528 653 venditi.
572 595 645 654 Hoc
664 598 794 656 maxime
818 597 905 656 modo
924 607 1044 676 captum
1062 618 1081 656 a
1102 597 1251 657 Romame
1265 598 1370 674 Agri-

405 701 523 768 gentum
543 702 598 761 est,
621 693 776 771 septimum
796 694 871 753 intra
891 713 1019 752 mensem
1040 713 1129 773 quam
1147 694 1277 753 obsideri
1302 714 1368 751 coa-

404 797 505 866 perat:
527 807 713 865 magnacum
727 788 854 848 utilitate
865 787 1015 867 gloriaque
1029 789 1131 869 populi
1144 788 1292 855 Romani,
1308 788 1367 846 sed
1457 784 1458 817 ³

404 882 498 941 multa
518 904 635 962 quoque
657 885 805 962 sanguinis
825 886 973 964 impensa:
995 886 1105 965 quippe
1123 904 1211 964 supra
1232 885 1368 961 triginta
1457 876 1458 907 ³

403 980 552 1038 hominum
565 979 661 1039 millia
672 979 710 1039 de
721 980 872 1039 consulum
885 981 1016 1040 exercitu
1031 980 1256 1059 Siculorumque
1268 981 1366 1038 auxi-

402 1074 451 1133 liis
464 1076 538 1133 inter
550 1075 635 1134 istam
648 1075 831 1135 obsidionem
843 1078 927 1136 varia
937 1085 1019 1156 peste
1033 1076 1188 1156 perierunt.
1229 1077 1306 1141 Qua
1320 1078 1363 1136 de

402 1190 503 1240 causa,
517 1171 604 1230 simul
616 1171 688 1250 quia
699 1171 774 1230 nihil
781 1173 847 1249 jam
860 1192 973 1249 magnae
985 1172 1026 1231 rei
1037 1172 1075 1231 ub
1086 1172 1222 1251 hyemem
1235 1174 1365 1252 propin-

318 1306 325 1321 .
404 1287 492 1346 quam
505 1269 613 1347 suscipi
627 1276 753 1347 poterat,
770 1266 938 1327 Messanam
951 1267 1109 1327 redierunt.

239 2020 328 2085 Polyb.

444 1369 494 1422 69.
525 1362 617 1422 Anno
637 1362 744 1422 deinde
764 1360 921 1442 prorriinol
947 1362 1158 1442 cum'imperio
1183 1364 1303 1421 iverunt
1329 1366 1361 1421 in

404 1456 537 1517 Siciliam
552 1458 587 1517 L.
599 1458 739 1517 Valerius
753 1458 799 1518 Μ’.
814 1458 849 1519 F.
866 1458 912 1517 M.
926 1456 971 1517 N.
986 1457 1123 1527 Flaccus,
1144 1467 1176 1516 et
1195 1458 1234 1515 T.
1249 1458 1360 1517 Otaci-

403 1553 460 1613 lius
477 1554 515 1613 C.
530 1554 566 1615 F.
582 1554 629 1613 M.
644 1554 689 1613 N.
704 1555 828 1615 Crassus
848 1554 992 1622 consules,
1014 1552 1303 1633 prioribusducibus
1316 1555 1359 1613 ad

402 1670 485 1729 spem
493 1650 631 1729 triumphi
640 1649 771 1709 Romam
781 1649 924 1727 digressis.
955 1648 1211 1725 Carthaginienses
1219 1649 1357 1726 quidem,

402 1745 495 1804 classe
508 1756 648 1824 tanquam
662 1746 701 1804 ad
714 1745 888 1804 vastandam
913 1744 1035 1803 Italiam
1055 1744 1153 1812 missa,
1178 1764 1270 1803 novos
1281 1765 1357 1803 con-

401 1841 480 1900 sules
492 1862 510 1900 a
523 1841 633 1903 Siciliae
645 1861 716 1900 cura
728 1840 865 1899 distinere
878 1841 1066 1919 cupiverant:
1089 1838 1140 1897 sed
1155 1840 1175 1897 ii
1188 1840 1359 1898 consumtis

405 1936 515 1996 circum
530 1937 629 1997 littora
642 1937 738 2016 globis
752 1936 888 2005 militum,
910 1936 961 2013 qui
981 1934 1132 2014 praedones
1145 1944 1288 2005 arcerent,
1312 1936 1357 1993 ni-

406 2032 563 2091 bilominus
580 2034 608 2092 in
629 2033 755 2118 insulam
768 2034 988 2111 transjecerunt.
1030 2030 1115 2088 Tunc
1128 2050 1245 2109 quoque
1260 2030 1357 2089 multa

403 2126 568 2186 Siculorum
582 2128 692 2208 oppida
711 2129 742 2187 in
763 2127 852 2187 fidem
873 2136 1001 2205 recepta,
1024 2125 1133 2184 recenti
1151 2124 1246 2184 cladis
1259 2126 1356 2203 Agri-

402 2223 528 2297 gentinae
549 2222 687 2302 exemplo
711 2231 743 2281 et
765 2231 861 2281 metu:
891 2241 984 2299 neque
1006 2221 1215 2280 obsistentibus
1236 2220 1355 2291 Poenis,

238 2315 390 2363 anbsmt·
403 2337 477 2396 quos
489 2337 575 2397 super
587 2318 720 2396 praelium
740 2317 892 2376 adversum
914 2318 1005 2377 etiam
1025 2315 1180 2375 seditiones
1201 2336 1357 2376 mercena·

238 2394 281 2426 ιιι.
293 2384 331 2429 16.
341 2388 368 2427 et
418 2412 424 2424 .

239 2443 322 2491 Zonar.

401 2431 510 2470 rrorum
533 2411 658 2470 militum
679 2412 837 2490 angebant,
860 2412 959 2470 Gallis
981 2412 1127 2491 praecipue
1148 2412 1355 2471 obmensium

400 2506 514 2585 aliquot
538 2507 685 2586 stipendia
709 2528 767 2567 non
792 2506 889 2566 soluta
914 2505 1180 2566 tumultuantibus:
1210 2506 1250 2565 ad
1278 2528 1355 2587 quos

400 2602 562 2683 puniendos
574 2603 707 2662 fraudem
720 2602 862 2681 ejusmodi
878 2612 1058 2662 commentus
1071 2611 1115 2660 est
1129 2600 1252 2660 Hanno.
1338 2634 1343 2650 ·

423 2706 490 2759 tto.
522 2698 664 2758 Sermone
690 2698 801 2758 blando
826 2698 974 2775 mitigatos
999 2696 1210 2759 modicumad
1237 2706 1355 2777 tempus

400 2790 549 2873 quiescere
557 2795 664 2871 jubet:
685 2794 741 2852 sibi
769 2813 831 2852 esse
852 2800 964 2853 certum
984 2802 1015 2851 et
1034 2793 1228 2872 propinquam
1248 2794 1354 2871 oppidi

399 2889 553 2968 cujusdam
580 2889 737 2969 locupletis
761 2887 925 2968 occupandi
949 2906 1030 2967 spem
1055 2886 1200 2947 ostendit:
1221 2906 1260 2946 ex
1287 2892 1354 2966 ejus

399 2986 500 3067 praeda
522 2986 671 3046 cumulate
692 2984 792 3043 Gallis
812 2986 901 3043 etiam
923 2973 1146 3062 pro'solutionis
1163 3002 1246 3041 mora
1265 2986 1352 3043 satis-

399 3082 511 3142 factum
526 3083 560 3141 iri
580 3081 753 3142 confirmat.
789 3080 840 3139 Ita
859 3078 968 3138 sedatis
990 3077 1060 3146 illis,
1084 3076 1220 3155 adeoque
1239 3080 1353 3154 gratias

399 3179 564 3257 agentibus,
591 3185 756 3257 opportuno
782 3185 923 3255 tempore,
957 3194 1024 3233 cum
1049 3173 1250 3252 dispensatore
1284 3195 1349 3243 suo,

398 3294 486 3353 quem
512 3274 643 3334 habebat
668 3271 878 3339 fidelissimum,
901 3272 973 3349 agit,
996 3278 1030 3327 ut
1053 3270 1150 3349 specie
1177 3268 1350 3346 transfugae,

399 3378 540 3447 tanquam
566 3368 728 3426 rationibus
754 3366 930 3435 interversis,
954 3364 993 3424 ad
1013 3363 1175 3423 Otacilium
1196 3364 1349 3424 consulem

400 3472 542 3543 pergeret,
570 3462 770 3541 indicaretque
796 3472 881 3520 nocte
907 3461 1042 3541 proxima
1070 3459 1225 3519 Gallorum
1252 3461 1351 3521 millia

399 3555 524 3637 quatuor
544 3558 582 3618 ad
604 3558 706 3617 urbem
730 3557 910 3617 Entellinam
932 3557 1112 3637 proditorum
1132 3560 1222 3635 opera
1241 3556 1350 3636 recipi·
1457 3550 1458 3555 ¹

398 3654 506 3713 endam
518 3663 665 3722 venturos,
679 3652 783 3712 locatis
796 3652 906 3711 insidiis
918 3652 1119 3712 circumveniri
1134 3670 1229 3731 posse.
1265 3650 1349 3711 Con-

396 3750 442 3809 sul
463 3771 522 3810 rem
543 3767 601 3809 nnn
621 3748 813 3829 spernendam
831 3749 998 3817 arbitratus,
1020 3748 1090 3807 licet
1110 3746 1267 3825 transfugae
1290 3768 1348 3807 non

388 3849 515 3908 omnino
547 3845 719 3914 confideret,
754 3844 857 3903 mittit·
874 3843 1021 3903 delectam
1047 3844 1171 3903 militum
1205 3849 1346 3903 manum:

686 4073 902 4127 ιΑ.υ.ο.ιιι.
921 4075 952 4125 Α.
966 4077 1062 4126 αισι.
1131 4042 1135 4049 ’
