<?xml version="1.0" encoding="UTF-8"?>
<!DOCTYPE html PUBLIC "-//W3C//DTD XHTML 1.0 Transitional//EN"
    "http://www.w3.org/TR/xhtml1/DTD/xhtml1-transitional.dtd">
<html xmlns="http://www.w3.org/1999/xhtml" xml:lang="en" lang="en">
 <head>
  <title>
</title>
<meta http-equiv="Content-Type" content="text/html;charset=utf-8" />
  <meta name='ocr-system' content='tesseract 3.04.00' />
  <meta name='ocr-capabilities' content='ocr_page ocr_carea ocr_par ocr_line ocrx_word'/>
</head>
<body>
  <div class='ocr_page' id='page_1' title='image "./tliviipatavinih00unkngoog/tliviipatavinih00unkngoog_0079.png"; bbox 0 0 2917 4767; ppageno 0'>
   <div class='ocr_carea' id='block_1_1' title="bbox 403 360 1238 429">
    <p class='ocr_par' dir='ltr' id='par_1_1' title="bbox 403 360 1238 429">
     <span class='ocr_line' id='line_1_1' title="bbox 403 360 1238 429; baseline -0.005 0"><span class='ocrx_word' id='word_1_1' title='bbox 403 382 504 429; x_wconf 82' lang='lat' dir='ltr'>urusr</span> <span class='ocrx_word' id='word_1_2' title='bbox 530 378 619 429; x_wconf 86' lang='lat' dir='ltr'>xrrr.</span> <span class='ocrx_word' id='word_1_3' title='bbox 641 378 964 429; x_wconf 73' lang='lat' dir='ltr'>sunvnsusrrruss.</span> <span class='ocrx_word' id='word_1_4' title='bbox 1151 360 1238 427; x_wconf 65' lang='lat'>1457</span> 
     </span>
    </p>
   </div>
   <div class='ocr_carea' id='block_1_2' title="bbox 29 517 1237 1277">
    <p class='ocr_par' dir='ltr' id='par_1_2' title="bbox 102 517 1237 893">
     <span class='ocr_line' id='line_1_2' title="bbox 102 517 1237 604; baseline -0.004 -19"><span class='ocrx_word' id='word_1_5' title='bbox 102 537 249 604; x_wconf 79' lang='lat' dir='ltr'>tempore</span> <span class='ocrx_word' id='word_1_6' title='bbox 271 524 315 589; x_wconf 80' lang='lat' dir='ltr'>Q.</span> <span class='ocrx_word' id='word_1_7' title='bbox 331 522 461 583; x_wconf 75' lang='lat' dir='ltr'>Fabium</span> <span class='ocrx_word' id='word_1_8' title='bbox 486 522 654 583; x_wconf 74' lang='lat' dir='ltr'>Maximum</span> <span class='ocrx_word' id='word_1_9' title='bbox 668 523 726 602; x_wconf 77' lang='lat' dir='ltr'>legi</span> <span class='ocrx_word' id='word_1_10' title='bbox 740 524 924 583; x_wconf 81' lang='lat' dir='ltr'>consuevisse</span> <span class='ocrx_word' id='word_1_11' title='bbox 936 530 1070 582; x_wconf 75' lang='lat' dir='ltr'>mustet:</span> <span class='ocrx_word' id='word_1_12' title='bbox 1101 517 1165 567; x_wconf 82' lang='lat' dir='ltr'>Ptin.</span> <span class='ocrx_word' id='word_1_13' title='bbox 1187 536 1237 569; x_wconf 76' lang='lat' dir='ltr'>vn.</span> 
     </span>
     <span class='ocr_line' id='line_1_3' title="bbox 105 586 1212 710; baseline -0.005 -28"><span class='ocrx_word' id='word_1_14' title='bbox 105 624 202 701; x_wconf 82' lang='lat' dir='ltr'>hujus</span> <span class='ocrx_word' id='word_1_15' title='bbox 223 620 319 680; x_wconf 87' lang='lat' dir='ltr'>filium</span> <span class='ocrx_word' id='word_1_16' title='bbox 343 629 537 699; x_wconf 84' lang='lat' dir='ltr'>cognomento</span> <span class='ocrx_word' id='word_1_17' title='bbox 557 619 715 699; x_wconf 76' lang='lat' dir='ltr'>Gurgitem</span> <span class='ocrx_word' id='word_1_18' title='bbox 733 638 882 679; x_wconf 76' lang='lat' dir='ltr'>censorem</span> <span class='ocrx_word' id='word_1_19' title='bbox 902 628 965 677; x_wconf 89' lang='lat' dir='ltr'>turn</span> <span class='ocrx_word' id='word_1_20' title='bbox 982 617 1071 678; x_wconf 80' lang='lat' dir='ltr'>fuisse</span> <span class='ocrx_word' id='word_1_21' title='bbox 1083 586 1212 710; x_wconf 39' lang='lat' dir='ltr'>‘illumin</span> 
     </span>
     <span class='ocr_line' id='line_1_4' title="bbox 106 710 1184 797; baseline -0.002 -20"><span class='ocrx_word' id='word_1_22' title='bbox 106 722 289 797; x_wconf 82' lang='lat' dir='ltr'>conjecture</span> <span class='ocrx_word' id='word_1_23' title='bbox 302 716 469 795; x_wconf 74' lang='lat' dir='ltr'>colligitur:</span> <span class='ocrx_word' id='word_1_24' title='bbox 492 716 550 776; x_wconf 81' lang='lat' dir='ltr'>Cn.</span> <span class='ocrx_word' id='word_1_25' title='bbox 563 716 689 775; x_wconf 86' lang='lat' dir='ltr'>Domitii</span> <span class='ocrx_word' id='word_1_26' title='bbox 696 724 808 775; x_wconf 88' lang='lat' dir='ltr'>certum</span> <span class='ocrx_word' id='word_1_27' title='bbox 815 735 933 786; x_wconf 91' lang='lat' dir='ltr'>nomen,</span> <span class='ocrx_word' id='word_1_28' title='bbox 945 724 986 786; x_wconf 90' lang='lat' dir='ltr'>et,</span> <span class='ocrx_word' id='word_1_29' title='bbox 1001 716 1072 795; x_wconf 84' lang='lat' dir='ltr'>quie</span> <span class='ocrx_word' id='word_1_30' title='bbox 1083 711 1108 759; x_wconf 71' lang='lat'>⁵¹²</span> <span class='ocrx_word' id='word_1_31' title='bbox 1117 710 1184 760; x_wconf 74' lang='lat' dir='ltr'>fest.</span> 
     </span>
     <span class='ocr_line' id='line_1_5' title="bbox 106 811 1070 893; baseline 0 -22"><span class='ocrx_word' id='word_1_32' title='bbox 106 813 238 873; x_wconf 73' lang='lat' dir='ltr'>usuum</span> <span class='ocrx_word' id='word_1_33' title='bbox 252 815 279 871; x_wconf 90' lang='lat' dir='ltr'>is</span> <span class='ocrx_word' id='word_1_34' title='bbox 291 812 437 883; x_wconf 81' lang='lat' dir='ltr'>condidit,</span> <span class='ocrx_word' id='word_1_35' title='bbox 448 814 515 891; x_wconf 87' lang='lat' dir='ltr'>jure</span> <span class='ocrx_word' id='word_1_36' title='bbox 529 812 624 893; x_wconf 89' lang='lat' dir='ltr'>plebis</span> <span class='ocrx_word' id='word_1_37' title='bbox 632 811 814 891; x_wconf 68' lang='lat' dir='ltr'>amplificato</span> <span class='ocrx_word' id='word_1_38' title='bbox 821 812 1009 871; x_wconf 74' lang='lat' dir='ltr'>nobilitatum</span> <span class='ocrx_word' id='word_1_39' title='bbox 1017 823 1070 871; x_wconf 88' lang='lat' dir='ltr'>est.</span> 
     </span>
    </p>

    <p class='ocr_par' dir='ltr' id='par_1_3' title="bbox 29 906 1185 1277">
     <span class='ocr_line' id='line_1_6' title="bbox 146 906 1167 990; baseline -0.002 -21"><span class='ocrx_word' id='word_1_40' title='bbox 146 916 202 969; x_wconf 77' lang='grc'>36.</span> <span class='ocrx_word' id='word_1_41' title='bbox 228 909 314 970; x_wconf 86' lang='lat' dir='ltr'>Vere</span> <span class='ocrx_word' id='word_1_42' title='bbox 338 911 431 989; x_wconf 89' lang='lat' dir='ltr'>primo</span> <span class='ocrx_word' id='word_1_43' title='bbox 453 909 589 990; x_wconf 80' lang='lat' dir='ltr'>Pyrrhus</span> <span class='ocrx_word' id='word_1_44' title='bbox 610 909 769 967; x_wconf 79' lang='lat' dir='ltr'>connectis</span> <span class='ocrx_word' id='word_1_45' title='bbox 780 908 924 968; x_wconf 88' lang='lat' dir='ltr'>sociorum</span> <span class='ocrx_word' id='word_1_46' title='bbox 936 910 1029 989; x_wconf 88' lang='lat' dir='ltr'>copiis</span> <span class='ocrx_word' id='word_1_47' title='bbox 1042 910 1071 967; x_wconf 91' lang='lat' dir='ltr'>in</span> <span class='ocrx_word' id='word_1_48' title='bbox 1083 906 1167 956; x_wconf 71' lang='lat' dir='ltr'>lem</span> 
     </span>
     <span class='ocr_line' id='line_1_7' title="bbox 105 1003 1072 1085; baseline -0.001 -20"><span class='ocrx_word' id='word_1_49' title='bbox 105 1005 264 1085; x_wconf 78' lang='lat' dir='ltr'>Apuliam</span> <span class='ocrx_word' id='word_1_50' title='bbox 286 1007 397 1065; x_wconf 88' lang='lat' dir='ltr'>movit:</span> <span class='ocrx_word' id='word_1_51' title='bbox 418 1004 569 1083; x_wconf 76' lang='lat' dir='ltr'>multaque</span> <span class='ocrx_word' id='word_1_52' title='bbox 591 1004 634 1063; x_wconf 90' lang='lat' dir='ltr'>ibi</span> <span class='ocrx_word' id='word_1_53' title='bbox 654 1003 764 1084; x_wconf 81' lang='lat' dir='ltr'>oppido</span> <span class='ocrx_word' id='word_1_54' title='bbox 783 1005 890 1083; x_wconf 83' lang='lat' dir='ltr'>pertim</span> <span class='ocrx_word' id='word_1_55' title='bbox 903 1004 1072 1084; x_wconf 73' lang='lat' dir='ltr'>pugnando,</span> 
     </span>
     <span class='ocr_line' id='line_1_8' title="bbox 29 1088 1072 1181; baseline -0.001 -21"><span class='ocrx_word' id='word_1_56' title='bbox 29 1088 38 1109; x_wconf 72' lang='lat'><strong><em>⁴</em></strong></span> <span class='ocrx_word' id='word_1_57' title='bbox 105 1103 222 1179; x_wconf 83' lang='lat' dir='ltr'>purtim</span> <span class='ocrx_word' id='word_1_58' title='bbox 237 1101 459 1161; x_wconf 88' lang='lat' dir='ltr'>conditionibus</span> <span class='ocrx_word' id='word_1_59' title='bbox 469 1102 559 1181; x_wconf 88' lang='lat' dir='ltr'>cepit.</span> <span class='ocrx_word' id='word_1_60' title='bbox 600 1099 756 1159; x_wconf 80' lang='lat' dir='ltr'>Adversus</span> <span class='ocrx_word' id='word_1_61' title='bbox 772 1118 860 1178; x_wconf 88' lang='lat' dir='ltr'>quem</span> <span class='ocrx_word' id='word_1_62' title='bbox 882 1102 950 1160; x_wconf 85' lang='lat' dir='ltr'>novi</span> <span class='ocrx_word' id='word_1_63' title='bbox 967 1120 1072 1161; x_wconf 83' lang='lat' dir='ltr'>comu-</span> 
     </span>
     <span class='ocr_line' id='line_1_9' title="bbox 106 1194 1185 1277; baseline 0.004 -24"><span class='ocrx_word' id='word_1_64' title='bbox 106 1194 181 1266; x_wconf 85' lang='lat' dir='ltr'>les‚&#39;</span> <span class='ocrx_word' id='word_1_65' title='bbox 194 1197 239 1257; x_wconf 88' lang='lat' dir='ltr'>P.</span> <span class='ocrx_word' id='word_1_66' title='bbox 255 1196 408 1277; x_wconf 83' lang='lat' dir='ltr'>Sulpicius</span> <span class='ocrx_word' id='word_1_67' title='bbox 430 1195 578 1267; x_wconf 85' lang='lat' dir='ltr'>Severrio,</span> <span class='ocrx_word' id='word_1_68' title='bbox 598 1196 640 1256; x_wconf 93' lang='lat' dir='ltr'>P.</span> <span class='ocrx_word' id='word_1_69' title='bbox 656 1195 770 1255; x_wconf 81' lang='lat' dir='ltr'>Decius</span> <span class='ocrx_word' id='word_1_70' title='bbox 783 1195 865 1267; x_wconf 88' lang='lat' dir='ltr'>Mus,</span> <span class='ocrx_word' id='word_1_71' title='bbox 877 1216 945 1255; x_wconf 90' lang='lat' dir='ltr'>cum</span> <span class='ocrx_word' id='word_1_72' title='bbox 957 1196 1073 1257; x_wconf 89' lang='lat' dir='ltr'>duobus</span> <span class='ocrx_word' id='word_1_73' title='bbox 1083 1198 1185 1267; x_wconf 67' lang='lat' dir='ltr'>Europ.</span> 
     </span>
    </p>
   </div>
   <div class='ocr_carea' id='block_1_3' title="bbox 107 1294 1235 3385">
    <p class='ocr_par' dir='ltr' id='par_1_4' title="bbox 107 1294 1235 2504">
     <span class='ocr_line' id='line_1_10' title="bbox 107 1294 1072 1375; baseline 0.003 -22"><span class='ocrx_word' id='word_1_74' title='bbox 107 1296 323 1357; x_wconf 77' lang='lat' dir='ltr'>consularibus</span> <span class='ocrx_word' id='word_1_75' title='bbox 335 1297 513 1356; x_wconf 81' lang='lat' dir='ltr'>exercitibus</span> <span class='ocrx_word' id='word_1_76' title='bbox 522 1294 655 1375; x_wconf 79' lang='lat' dir='ltr'>profecti,</span> <span class='ocrx_word' id='word_1_77' title='bbox 664 1296 1072 1375; x_wconf 76' lang='lat' dir='ltr'>cestrscmtrisopposuerunt</span> 
     </span>
     <span class='ocr_line' id='line_1_11' title="bbox 110 1391 1235 1474; baseline -0.003 -22"><span class='ocrx_word' id='word_1_78' title='bbox 110 1410 210 1471; x_wconf 85' lang='lat' dir='ltr'>prope</span> <span class='ocrx_word' id='word_1_79' title='bbox 223 1392 372 1452; x_wconf 83' lang='lat' dir='ltr'>Asculum</span> <span class='ocrx_word' id='word_1_80' title='bbox 386 1391 510 1472; x_wconf 79' lang='lat' dir='ltr'>Apulisc</span> <span class='ocrx_word' id='word_1_81' title='bbox 524 1392 636 1463; x_wconf 91' lang='lat' dir='ltr'>urbem,</span> <span class='ocrx_word' id='word_1_82' title='bbox 650 1391 852 1469; x_wconf 76' lang='lat' dir='ltr'>cognominem</span> <span class='ocrx_word' id='word_1_83' title='bbox 863 1391 892 1450; x_wconf 90' lang='lat' dir='ltr'>ei</span> <span class='ocrx_word' id='word_1_84' title='bbox 904 1412 970 1470; x_wconf 78' lang='lat' dir='ltr'>quae</span> <span class='ocrx_word' id='word_1_85' title='bbox 982 1401 1028 1452; x_wconf 86' lang='lat' dir='ltr'>est</span> <span class='ocrx_word' id='word_1_86' title='bbox 1039 1394 1069 1451; x_wconf 91' lang='lat' dir='ltr'>in</span> <span class='ocrx_word' id='word_1_87' title='bbox 1092 1398 1200 1474; x_wconf 68' lang='lat' dir='ltr'>cluserit</span> <span class='ocrx_word' id='word_1_88' title='bbox 1209 1400 1235 1449; x_wconf 88' lang='lat'>1-</span> 
     </span>
     <span class='ocr_line' id='line_1_12' title="bbox 110 1464 1235 1567; baseline 0.003 -23"><span class='ocrx_word' id='word_1_89' title='bbox 110 1486 304 1548; x_wconf 87' lang='lat' dir='ltr'>Picentibus.</span> <span class='ocrx_word' id='word_1_90' title='bbox 348 1488 509 1549; x_wconf 83' lang='lat' dir='ltr'>Noneret</span> <span class='ocrx_word' id='word_1_91' title='bbox 524 1486 660 1559; x_wconf 88' lang='lat' dir='ltr'>dubium,</span> <span class='ocrx_word' id='word_1_92' title='bbox 681 1488 753 1567; x_wconf 90' lang='lat' dir='ltr'>quin</span> <span class='ocrx_word' id='word_1_93' title='bbox 774 1486 889 1547; x_wconf 78' lang='lat' dir='ltr'>collutis</span> <span class='ocrx_word' id='word_1_94' title='bbox 909 1487 998 1567; x_wconf 86' lang='lat' dir='ltr'>signis</span> <span class='ocrx_word' id='word_1_95' title='bbox 1017 1488 1069 1547; x_wconf 90' lang='lat' dir='ltr'>de-</span> <span class='ocrx_word' id='word_1_96' title='bbox 1081 1464 1235 1521; x_wconf 69' lang='lat'>‘⁸¹¹¹’¹&#39;·¹²&#39;</span> 
     </span>
     <span class='ocr_line' id='line_1_13' title="bbox 111 1582 1165 1664; baseline -0.003 -21"><span class='ocrx_word' id='word_1_97' title='bbox 111 1584 309 1660; x_wconf 77' lang='lat' dir='ltr'>pugnandum</span> <span class='ocrx_word' id='word_1_98' title='bbox 323 1583 415 1644; x_wconf 77' lang='lat' dir='ltr'>foret:</span> <span class='ocrx_word' id='word_1_99' title='bbox 437 1594 577 1655; x_wconf 88' lang='lat' dir='ltr'>ceterum,</span> <span class='ocrx_word' id='word_1_100' title='bbox 586 1604 624 1643; x_wconf 88' lang='lat' dir='ltr'>ne</span> <span class='ocrx_word' id='word_1_101' title='bbox 637 1604 688 1664; x_wconf 89' lang='lat' dir='ltr'>per</span> <span class='ocrx_word' id='word_1_102' title='bbox 700 1582 763 1642; x_wconf 89' lang='lat' dir='ltr'>dies</span> <span class='ocrx_word' id='word_1_103' title='bbox 770 1583 1070 1663; x_wconf 84' lang='lat' dir='ltr'>eliqusmmultoslroc</span> <span class='ocrx_word' id='word_1_104' title='bbox 1081 1587 1165 1641; x_wconf 71' lang='lat' dir='ltr'>zona.</span> 
     </span>
     <span class='ocr_line' id='line_1_14' title="bbox 112 1675 1072 1761; baseline 0.007 -27"><span class='ocrx_word' id='word_1_105' title='bbox 112 1675 209 1751; x_wconf 84' lang='lat' dir='ltr'>lieret,</span> <span class='ocrx_word' id='word_1_106' title='bbox 224 1690 335 1760; x_wconf 63' lang='lat' dir='ltr'>prater</span> <span class='ocrx_word' id='word_1_107' title='bbox 346 1689 503 1741; x_wconf 81' lang='lat' dir='ltr'>torrentem</span> <span class='ocrx_word' id='word_1_108' title='bbox 518 1678 704 1761; x_wconf 76' lang='lat' dir='ltr'>profundum,</span> <span class='ocrx_word' id='word_1_109' title='bbox 724 1681 776 1759; x_wconf 88' lang='lat' dir='ltr'>qni</span> <span class='ocrx_word' id='word_1_110' title='bbox 787 1678 916 1741; x_wconf 86' lang='lat' dir='ltr'>diversos</span> <span class='ocrx_word' id='word_1_111' title='bbox 925 1682 1072 1741; x_wconf 82' lang='lat' dir='ltr'>exercitus</span> 
     </span>
     <span class='ocr_line' id='line_1_15' title="bbox 113 1772 1073 1845; baseline 0.008 -16"><span class='ocrx_word' id='word_1_112' title='bbox 113 1772 318 1845; x_wconf 79' lang='lat' dir='ltr'>interfluebat,</span> <span class='ocrx_word' id='word_1_113' title='bbox 331 1777 421 1836; x_wconf 85' lang='lat' dir='ltr'>etiem</span> <span class='ocrx_word' id='word_1_114' title='bbox 438 1784 540 1836; x_wconf 88' lang='lat' dir='ltr'>mutuo</span> <span class='ocrx_word' id='word_1_115' title='bbox 556 1785 633 1835; x_wconf 86' lang='lat' dir='ltr'>metu</span> <span class='ocrx_word' id='word_1_116' title='bbox 651 1776 875 1835; x_wconf 84' lang='lat' dir='ltr'>cunctsbsntnr.</span> <span class='ocrx_word' id='word_1_117' title='bbox 917 1776 1073 1837; x_wconf 73' lang='lat' dir='ltr'>Romnum</span> 
     </span>
     <span class='ocr_line' id='line_1_16' title="bbox 116 1870 1072 1951; baseline 0.004 -23"><span class='ocrx_word' id='word_1_118' title='bbox 116 1870 221 1945; x_wconf 81' lang='lat' dir='ltr'>prioris</span> <span class='ocrx_word' id='word_1_119' title='bbox 231 1871 350 1930; x_wconf 81' lang='lat' dir='ltr'>lortuns</span> <span class='ocrx_word' id='word_1_120' title='bbox 361 1871 466 1951; x_wconf 81' lang='lat' dir='ltr'>praelii,</span> <span class='ocrx_word' id='word_1_121' title='bbox 477 1883 509 1933; x_wconf 91' lang='lat' dir='ltr'>et</span> <span class='ocrx_word' id='word_1_122' title='bbox 520 1872 613 1933; x_wconf 87' lang='lat' dir='ltr'>victor</span> <span class='ocrx_word' id='word_1_123' title='bbox 625 1872 762 1950; x_wconf 75' lang='lat' dir='ltr'>Pyrrhus</span> <span class='ocrx_word' id='word_1_124' title='bbox 774 1872 919 1930; x_wconf 88' lang='lat' dir='ltr'>terrebst:</span> <span class='ocrx_word' id='word_1_125' title='bbox 941 1872 1072 1951; x_wconf 82' lang='lat' dir='ltr'>Epirotis</span> 
     </span>
     <span class='ocr_line' id='line_1_17' title="bbox 116 1961 1071 2045; baseline 0.006 -26"><span class='ocrx_word' id='word_1_126' title='bbox 116 1961 313 2025; x_wconf 73' lang='lat' dir='ltr'>formidabilis</span> <span class='ocrx_word' id='word_1_127' title='bbox 325 1977 389 2027; x_wconf 87' lang='lat' dir='ltr'>eret</span> <span class='ocrx_word' id='word_1_128' title='bbox 401 1968 605 2027; x_wconf 87' lang='lat' dir='ltr'>Romsnorum</span> <span class='ocrx_word' id='word_1_129' title='bbox 626 1965 805 2045; x_wconf 76' lang='lat' dir='ltr'>pervicacis,</span> <span class='ocrx_word' id='word_1_130' title='bbox 826 1973 858 2023; x_wconf 87' lang='lat' dir='ltr'>et</span> <span class='ocrx_word' id='word_1_131' title='bbox 869 1965 989 2024; x_wconf 75' lang='lat' dir='ltr'>alterius</span> <span class='ocrx_word' id='word_1_132' title='bbox 1000 1987 1071 2025; x_wconf 89' lang='lat' dir='ltr'>con·</span> 
     </span>
     <span class='ocr_line' id='line_1_18' title="bbox 115 2058 1070 2141; baseline 0 -22"><span class='ocrx_word' id='word_1_133' title='bbox 115 2058 186 2121; x_wconf 77' lang='lat' dir='ltr'>sutis</span> <span class='ocrx_word' id='word_1_134' title='bbox 198 2062 293 2122; x_wconf 82' lang='lat' dir='ltr'>fstsle</span> <span class='ocrx_word' id='word_1_135' title='bbox 305 2063 460 2123; x_wconf 89' lang='lat' dir='ltr'>hostilibus</span> <span class='ocrx_word' id='word_1_136' title='bbox 473 2062 635 2141; x_wconf 82' lang='lat' dir='ltr'>legionibus</span> <span class='ocrx_word' id='word_1_137' title='bbox 643 2080 760 2120; x_wconf 86' lang='lat' dir='ltr'>nomen.</span> <span class='ocrx_word' id='word_1_138' title='bbox 788 2060 831 2119; x_wconf 88' lang='lat' dir='ltr'>P.</span> <span class='ocrx_word' id='word_1_139' title='bbox 840 2060 918 2119; x_wconf 88' lang='lat' dir='ltr'>enirn</span> <span class='ocrx_word' id='word_1_140' title='bbox 933 2060 1070 2134; x_wconf 86' lang='lat' dir='ltr'>Decium,</span> 
     </span>
     <span class='ocr_line' id='line_1_19' title="bbox 115 2156 1071 2239; baseline 0.002 -24"><span class='ocrx_word' id='word_1_141' title='bbox 115 2158 206 2235; x_wconf 70' lang='lat' dir='ltr'>pratris</span> <span class='ocrx_word' id='word_1_142' title='bbox 229 2160 339 2238; x_wconf 80' lang='lat' dir='ltr'>avique</span> <span class='ocrx_word' id='word_1_143' title='bbox 360 2158 507 2239; x_wconf 84' lang='lat' dir='ltr'>exemplo,</span> <span class='ocrx_word' id='word_1_144' title='bbox 527 2177 581 2217; x_wconf 83' lang='lat' dir='ltr'>sus</span> <span class='ocrx_word' id='word_1_145' title='bbox 601 2166 694 2216; x_wconf 81' lang='lat' dir='ltr'>morte</span> <span class='ocrx_word' id='word_1_146' title='bbox 714 2156 867 2216; x_wconf 82' lang='lat' dir='ltr'>victoriam</span> <span class='ocrx_word' id='word_1_147' title='bbox 886 2176 1005 2217; x_wconf 89' lang='lat' dir='ltr'>suorum</span> <span class='ocrx_word' id='word_1_148' title='bbox 1025 2178 1071 2217; x_wconf 90' lang='lat' dir='ltr'>re-</span> 
     </span>
     <span class='ocr_line' id='line_1_20' title="bbox 115 2251 1072 2332; baseline 0.004 -23"><span class='ocrx_word' id='word_1_149' title='bbox 115 2251 284 2312; x_wconf 81' lang='lat' dir='ltr'>demmrum</span> <span class='ocrx_word' id='word_1_150' title='bbox 306 2274 368 2313; x_wconf 60' lang='lat' dir='ltr'>eme</span> <span class='ocrx_word' id='word_1_151' title='bbox 388 2252 470 2313; x_wconf 81' lang='lat' dir='ltr'>ferne</span> <span class='ocrx_word' id='word_1_152' title='bbox 495 2252 687 2329; x_wconf 73' lang='lat' dir='ltr'>vulgaverat:</span> <span class='ocrx_word' id='word_1_153' title='bbox 717 2252 941 2332; x_wconf 77' lang='lat' dir='ltr'>praeliorumque</span> <span class='ocrx_word' id='word_1_154' title='bbox 966 2254 1072 2332; x_wconf 89' lang='lat' dir='ltr'>quibus</span> 
     </span>
     <span class='ocr_line' id='line_1_21' title="bbox 115 2345 1070 2409; baseline 0.005 -5"><span class='ocrx_word' id='word_1_155' title='bbox 115 2348 158 2405; x_wconf 94' lang='lat' dir='ltr'>illi</span> <span class='ocrx_word' id='word_1_156' title='bbox 176 2348 349 2407; x_wconf 76' lang='lat' dir='ltr'>cecideruut</span> <span class='ocrx_word' id='word_1_157' title='bbox 361 2356 484 2408; x_wconf 88' lang='lat' dir='ltr'>eventus</span> <span class='ocrx_word' id='word_1_158' title='bbox 504 2345 648 2407; x_wconf 78' lang='lat' dir='ltr'>terribiles</span> <span class='ocrx_word' id='word_1_159' title='bbox 663 2348 798 2406; x_wconf 88' lang='lat' dir='ltr'>omnibus</span> <span class='ocrx_word' id='word_1_160' title='bbox 819 2346 962 2407; x_wconf 83' lang='lat' dir='ltr'>Decienae</span> <span class='ocrx_word' id='word_1_161' title='bbox 981 2348 1070 2409; x_wconf 87' lang='lat' dir='ltr'>devo·</span> 
     </span>
     <span class='ocr_line' id='line_1_22' title="bbox 116 2442 475 2504; baseline 0.008 -3"><span class='ocrx_word' id='word_1_162' title='bbox 116 2444 202 2503; x_wconf 91' lang='lat' dir='ltr'>tionis</span> <span class='ocrx_word' id='word_1_163' title='bbox 215 2444 314 2503; x_wconf 80' lang='lat' dir='ltr'>mines</span> <span class='ocrx_word' id='word_1_164' title='bbox 326 2442 475 2504; x_wconf 79' lang='lat' dir='ltr'>effecerat.</span> 
     </span>
    </p>

    <p class='ocr_par' dir='ltr' id='par_1_5' title="bbox 114 2538 1233 3385">
     <span class='ocr_line' id='line_1_23' title="bbox 156 2538 1070 2622; baseline 0 -23"><span class='ocrx_word' id='word_1_165' title='bbox 156 2547 207 2603; x_wconf 77' lang='lat'>37.</span> <span class='ocrx_word' id='word_1_166' title='bbox 231 2540 312 2599; x_wconf 82' lang='lat' dir='ltr'>Eam</span> <span class='ocrx_word' id='word_1_167' title='bbox 334 2556 395 2599; x_wconf 90' lang='lat' dir='ltr'>rem</span> <span class='ocrx_word' id='word_1_168' title='bbox 412 2540 550 2622; x_wconf 84' lang='lat' dir='ltr'>Pyrrhus</span> <span class='ocrx_word' id='word_1_169' title='bbox 566 2540 795 2619; x_wconf 75' lang='lat' dir='ltr'>haudqusqusm</span> <span class='ocrx_word' id='word_1_170' title='bbox 807 2538 1010 2617; x_wconf 77' lang='lat' dir='ltr'>negligendum</span> <span class='ocrx_word' id='word_1_171' title='bbox 1023 2559 1070 2599; x_wconf 86' lang='lat' dir='ltr'>rs-</span> 
     </span>
     <span class='ocr_line' id='line_1_24' title="bbox 114 2635 1067 2718; baseline 0.003 -24"><span class='ocrx_word' id='word_1_172' title='bbox 114 2645 172 2706; x_wconf 87' lang='lat' dir='ltr'>tus,</span> <span class='ocrx_word' id='word_1_173' title='bbox 183 2636 357 2695; x_wconf 82' lang='lat' dir='ltr'>convocetis</span> <span class='ocrx_word' id='word_1_174' title='bbox 369 2636 511 2697; x_wconf 84' lang='lat' dir='ltr'>militibus</span> <span class='ocrx_word' id='word_1_175' title='bbox 524 2644 658 2696; x_wconf 87' lang='lat' dir='ltr'>eccumte</span> <span class='ocrx_word' id='word_1_176' title='bbox 676 2635 809 2707; x_wconf 79' lang='lat' dir='ltr'>docuit,‘</span> <span class='ocrx_word' id='word_1_177' title='bbox 824 2635 960 2697; x_wconf 83' lang='lat' dir='ltr'>Arbitrio</span> <span class='ocrx_word' id='word_1_178' title='bbox 971 2639 1067 2718; x_wconf 83' lang='lat' dir='ltr'>praeli·</span> 
     </span>
     <span class='ocr_line' id='line_1_25' title="bbox 117 2731 1233 2813; baseline 0.002 -22"><span class='ocrx_word' id='word_1_179' title='bbox 117 2752 197 2791; x_wconf 92' lang='lat' dir='ltr'>orum</span> <span class='ocrx_word' id='word_1_180' title='bbox 212 2752 304 2811; x_wconf 79' lang='lat' dir='ltr'>penes</span> <span class='ocrx_word' id='word_1_181' title='bbox 316 2731 464 2791; x_wconf 85' lang='lat' dir='ltr'>Tellurem</span> <span class='ocrx_word' id='word_1_182' title='bbox 478 2731 587 2802; x_wconf 80' lang='lat' dir='ltr'>Deum,</span> <span class='ocrx_word' id='word_1_183' title='bbox 610 2740 661 2791; x_wconf 85' lang='lat' dir='ltr'>sut</span> <span class='ocrx_word' id='word_1_184' title='bbox 683 2732 799 2813; x_wconf 72' lang='lat' dir='ltr'>inferos,</span> <span class='ocrx_word' id='word_1_185' title='bbox 813 2733 864 2810; x_wconf 92' lang='lat' dir='ltr'>qui</span> <span class='ocrx_word' id='word_1_186' title='bbox 876 2735 1004 2792; x_wconf 79' lang='lat' dir='ltr'>carmine</span> <span class='ocrx_word' id='word_1_187' title='bbox 1015 2734 1068 2794; x_wconf 89' lang='lat' dir='ltr'>illo</span> <span class='ocrx_word' id='word_1_188' title='bbox 1080 2734 1233 2787; x_wconf 56' lang='lat' dir='ltr'>hernes.</span> 
     </span>
     <span class='ocr_line' id='line_1_26' title="bbox 117 2828 1163 2907; baseline 0.002 -20"><span class='ocrx_word' id='word_1_189' title='bbox 117 2828 344 2897; x_wconf 80' lang='lat' dir='ltr'>solicitnrentur,</span> <span class='ocrx_word' id='word_1_190' title='bbox 366 2848 427 2887; x_wconf 73' lang='lat' dir='ltr'>esse</span> <span class='ocrx_word' id='word_1_191' title='bbox 450 2830 508 2887; x_wconf 82' lang='lat' dir='ltr'>non</span> <span class='ocrx_word' id='word_1_192' title='bbox 528 2847 629 2907; x_wconf 88' lang='lat' dir='ltr'>posse:</span> <span class='ocrx_word' id='word_1_193' title='bbox 657 2848 752 2906; x_wconf 89' lang='lat' dir='ltr'>neque</span> <span class='ocrx_word' id='word_1_194' title='bbox 772 2835 834 2885; x_wconf 84' lang='lat' dir='ltr'>tem</span> <span class='ocrx_word' id='word_1_195' title='bbox 856 2828 970 2906; x_wconf 87' lang='lat' dir='ltr'>iniquos</span> <span class='ocrx_word' id='word_1_196' title='bbox 988 2830 1068 2889; x_wconf 85' lang='lat' dir='ltr'>credi</span> <span class='ocrx_word' id='word_1_197' title='bbox 1080 2830 1163 2881; x_wconf 70' lang='lat' dir='ltr'>low·</span> 
     </span>
     <span class='ocr_line' id='line_1_27' title="bbox 119 2922 1068 2999; baseline 0.005 -18"><span class='ocrx_word' id='word_1_198' title='bbox 119 2922 227 2983; x_wconf 82' lang='lat' dir='ltr'>debere</span> <span class='ocrx_word' id='word_1_199' title='bbox 240 2922 334 2993; x_wconf 84' lang='lat' dir='ltr'>Deos,</span> <span class='ocrx_word' id='word_1_200' title='bbox 357 2932 390 2981; x_wconf 91' lang='lat' dir='ltr'>ut</span> <span class='ocrx_word' id='word_1_201' title='bbox 408 2924 437 2982; x_wconf 89' lang='lat' dir='ltr'>in</span> <span class='ocrx_word' id='word_1_202' title='bbox 460 2923 680 2982; x_wconf 80' lang='lat' dir='ltr'>utriushominis</span> <span class='ocrx_word' id='word_1_203' title='bbox 692 2924 791 2983; x_wconf 73' lang='lat' dir='ltr'>vesani</span> <span class='ocrx_word' id='word_1_204' title='bbox 804 2923 927 2999; x_wconf 74' lang='lat' dir='ltr'>gretiam</span> <span class='ocrx_word' id='word_1_205' title='bbox 940 2923 1004 2984; x_wconf 81' lang='lat' dir='ltr'>sete</span> <span class='ocrx_word' id='word_1_206' title='bbox 1016 2946 1068 2985; x_wconf 85' lang='lat' dir='ltr'>ex-</span> 
     </span>
     <span class='ocr_line' id='line_1_28' title="bbox 119 3018 1069 3098; baseline 0.002 -21"><span class='ocrx_word' id='word_1_207' title='bbox 119 3019 260 3078; x_wconf 87' lang='lat' dir='ltr'>ercituum</span> <span class='ocrx_word' id='word_1_208' title='bbox 275 3027 389 3078; x_wconf 88' lang='lat' dir='ltr'>mutent</span> <span class='ocrx_word' id='word_1_209' title='bbox 400 3018 565 3079; x_wconf 86' lang='lat' dir='ltr'>donentve:</span> <span class='ocrx_word' id='word_1_210' title='bbox 587 3038 644 3078; x_wconf 89' lang='lat' dir='ltr'>non</span> <span class='ocrx_word' id='word_1_211' title='bbox 653 3018 807 3098; x_wconf 64' lang='lat' dir='ltr'>prestigiis</span> <span class='ocrx_word' id='word_1_212' title='bbox 818 3026 849 3075; x_wconf 94' lang='lat' dir='ltr'>et</span> <span class='ocrx_word' id='word_1_213' title='bbox 861 3019 1069 3097; x_wconf 87' lang='lat' dir='ltr'>superstitioni·</span> 
     </span>
     <span class='ocr_line' id='line_1_29' title="bbox 118 3104 1070 3195; baseline -0.001 -20"><span class='ocrx_word' id='word_1_214' title='bbox 118 3114 182 3185; x_wconf 87' lang='lat' dir='ltr'>bus,</span> <span class='ocrx_word' id='word_1_215' title='bbox 196 3114 250 3174; x_wconf 90' lang='lat' dir='ltr'>sed</span> <span class='ocrx_word' id='word_1_216' title='bbox 266 3104 573 3195; x_wconf 54' lang='lat' dir='ltr'>pugnando&#39;victoriss</span> <span class='ocrx_word' id='word_1_217' title='bbox 588 3114 696 3195; x_wconf 86' lang='lat' dir='ltr'>pereri,</span> <span class='ocrx_word' id='word_1_218' title='bbox 709 3112 758 3172; x_wconf 86' lang='lat' dir='ltr'>vel</span> <span class='ocrx_word' id='word_1_219' title='bbox 771 3112 841 3191; x_wconf 89' lang='lat' dir='ltr'>ipsis</span> <span class='ocrx_word' id='word_1_220' title='bbox 853 3111 999 3171; x_wconf 77' lang='lat' dir='ltr'>Romanis</span> <span class='ocrx_word' id='word_1_221' title='bbox 1011 3124 1070 3174; x_wconf 85' lang='lat' dir='ltr'>tes·</span> 
     </span>
     <span class='ocr_line' id='line_1_30' title="bbox 117 3207 1071 3291; baseline 0.001 -23"><span class='ocrx_word' id='word_1_222' title='bbox 117 3210 206 3281; x_wconf 91' lang='lat' dir='ltr'>tibus,</span> <span class='ocrx_word' id='word_1_223' title='bbox 222 3211 343 3291; x_wconf 89' lang='lat' dir='ltr'>quinon</span> <span class='ocrx_word' id='word_1_224' title='bbox 357 3208 586 3269; x_wconf 77' lang='lat' dir='ltr'>sacrificulorum</span> <span class='ocrx_word' id='word_1_225' title='bbox 598 3218 628 3267; x_wconf 89' lang='lat' dir='ltr'>et</span> <span class='ocrx_word' id='word_1_226' title='bbox 640 3218 741 3267; x_wconf 83' lang='lat' dir='ltr'>vatum</span> <span class='ocrx_word' id='word_1_227' title='bbox 754 3228 870 3285; x_wconf 87' lang='lat' dir='ltr'>sgmen,</span> <span class='ocrx_word' id='word_1_228' title='bbox 879 3207 931 3266; x_wconf 86' lang='lat' dir='ltr'>sed</span> <span class='ocrx_word' id='word_1_229' title='bbox 944 3218 1071 3269; x_wconf 78' lang='lat' dir='ltr'>armates</span> 
     </span>
     <span class='ocr_line' id='line_1_31' title="bbox 117 3304 1070 3385; baseline 0 -20"><span class='ocrx_word' id='word_1_230' title='bbox 117 3306 246 3365; x_wconf 85' lang='lat' dir='ltr'>militum</span> <span class='ocrx_word' id='word_1_231' title='bbox 256 3306 346 3375; x_wconf 84' lang='lat' dir='ltr'>ecies,</span> <span class='ocrx_word' id='word_1_232' title='bbox 354 3304 486 3365; x_wconf 88' lang='lat' dir='ltr'>hostibus</span> <span class='ocrx_word' id='word_1_233' title='bbox 493 3305 696 3365; x_wconf 87' lang='lat' dir='ltr'>consueverint</span> <span class='ocrx_word' id='word_1_234' title='bbox 703 3324 861 3385; x_wconf 87' lang='lat' dir='ltr'>opponere.</span> <span class='ocrx_word' id='word_1_235' title='bbox 882 3304 1070 3370; x_wconf 80' lang='lat' dir='ltr'>Quietemen</span> 
     </span>
    </p>
   </div>
   <div class='ocr_carea' id='block_1_4' title="bbox 10 3399 1069 3481">
    <p class='ocr_par' dir='ltr' id='par_1_6' title="bbox 10 3399 1069 3481">
     <span class='ocr_line' id='line_1_32' title="bbox 10 3399 1069 3481; baseline 0.002 -23"><span class='ocrx_word' id='word_1_236' title='bbox 10 3460 11 3471; x_wconf 50' lang='grc'>,</span> <span class='ocrx_word' id='word_1_237' title='bbox 116 3401 211 3477; x_wconf 83' lang='lat' dir='ltr'>igneri</span> <span class='ocrx_word' id='word_1_238' title='bbox 235 3420 331 3458; x_wconf 89' lang='lat' dir='ltr'>rerum</span> <span class='ocrx_word' id='word_1_239' title='bbox 352 3399 521 3481; x_wconf 88' lang='lat' dir='ltr'>plerumque</span> <span class='ocrx_word' id='word_1_240' title='bbox 537 3400 772 3481; x_wconf 82' lang='lat' dir='ltr'>superstitionum</span> <span class='ocrx_word' id='word_1_241' title='bbox 785 3401 914 3459; x_wconf 78' lang='lat' dir='ltr'>inanium</span> <span class='ocrx_word' id='word_1_242' title='bbox 926 3399 1069 3473; x_wconf 87' lang='lat' dir='ltr'>ludibriis,</span> 
     </span>
    </p>
   </div>
   <div class='ocr_carea' id='block_1_5' title="bbox 116 3494 1068 3583">
    <p class='ocr_par' dir='ltr' id='par_1_7' title="bbox 116 3494 1068 3583">
     <span class='ocr_line' id='line_1_33' title="bbox 116 3494 1068 3583; baseline 0.004 -30"><span class='ocrx_word' id='word_1_243' title='bbox 116 3514 208 3574; x_wconf 81' lang='lat' dir='ltr'>quern</span> <span class='ocrx_word' id='word_1_244' title='bbox 221 3496 300 3554; x_wconf 83' lang='lat' dir='ltr'>veris</span> <span class='ocrx_word' id='word_1_245' title='bbox 311 3495 432 3554; x_wconf 89' lang='lat' dir='ltr'>timendi</span> <span class='ocrx_word' id='word_1_246' title='bbox 445 3496 551 3583; x_wconf 79' lang='lat' dir='ltr'>ceusis,</span> <span class='ocrx_word' id='word_1_247' title='bbox 568 3495 663 3555; x_wconf 80' lang='lat' dir='ltr'>scrius</span> <span class='ocrx_word' id='word_1_248' title='bbox 673 3494 884 3576; x_wconf 80' lang='lat' dir='ltr'>percellentur3</span> <span class='ocrx_word' id='word_1_249' title='bbox 906 3496 984 3556; x_wconf 91' lang='lat' dir='ltr'>hunc</span> <span class='ocrx_word' id='word_1_250' title='bbox 996 3518 1068 3577; x_wconf 75' lang='lat' dir='ltr'>quo</span> 
     </span>
    </p>
   </div>
   <div class='ocr_carea' id='block_1_6' title="bbox 11 3579 1161 3859">
    <p class='ocr_par' dir='ltr' id='par_1_8' title="bbox 11 3579 1161 3859">
     <span class='ocr_line' id='line_1_34' title="bbox 11 3579 1161 3672; baseline 0.003 -24"><span class='ocrx_word' id='word_1_251' title='bbox 11 3579 12 3594; x_wconf 49' lang='lat'>¹</span> <span class='ocrx_word' id='word_1_252' title='bbox 117 3610 175 3669; x_wconf 86' lang='lat' dir='ltr'>que</span> <span class='ocrx_word' id='word_1_253' title='bbox 189 3600 302 3649; x_wconf 86' lang='lat' dir='ltr'>metum</span> <span class='ocrx_word' id='word_1_254' title='bbox 314 3591 447 3669; x_wconf 66' lang='lat' dir='ltr'>praeverti</span> <span class='ocrx_word' id='word_1_255' title='bbox 462 3592 569 3671; x_wconf 87' lang='lat' dir='ltr'>posse,&#39;</span> <span class='ocrx_word' id='word_1_256' title='bbox 584 3591 721 3662; x_wconf 85' lang='lat' dir='ltr'>ostendit,</span> <span class='ocrx_word' id='word_1_257' title='bbox 734 3592 869 3672; x_wconf 86' lang='lat' dir='ltr'>exposito</span> <span class='ocrx_word' id='word_1_258' title='bbox 881 3602 996 3663; x_wconf 84' lang='lat' dir='ltr'>crustu,</span> <span class='ocrx_word' id='word_1_259' title='bbox 1009 3614 1069 3672; x_wconf 88' lang='lat' dir='ltr'>quo</span> <span class='ocrx_word' id='word_1_260' title='bbox 1159 3610 1161 3614; x_wconf 83' lang='lat'>·</span> 
     </span>
     <span class='ocr_line' id='line_1_35' title="bbox 118 3684 1071 3766; baseline 0 -21"><span class='ocrx_word' id='word_1_261' title='bbox 118 3686 230 3764; x_wconf 88' lang='lat' dir='ltr'>priores</span> <span class='ocrx_word' id='word_1_262' title='bbox 244 3684 332 3745; x_wconf 89' lang='lat' dir='ltr'>Decii</span> <span class='ocrx_word' id='word_1_263' title='bbox 345 3706 375 3744; x_wconf 86' lang='lat' dir='ltr'>se</span> <span class='ocrx_word' id='word_1_264' title='bbox 387 3685 582 3757; x_wconf 83' lang='lat' dir='ltr'>devovissent,</span> <span class='ocrx_word' id='word_1_265' title='bbox 595 3686 768 3766; x_wconf 89' lang='lat' dir='ltr'>monitisque</span> <span class='ocrx_word' id='word_1_266' title='bbox 780 3688 931 3759; x_wconf 85' lang='lat' dir='ltr'>militibus,</span> <span class='ocrx_word' id='word_1_267' title='bbox 946 3698 954 3724; x_wconf 88' lang='lat'>‘</span> <span class='ocrx_word' id='word_1_268' title='bbox 968 3689 993 3747; x_wconf 87' lang='lat' dir='ltr'>si</span> <span class='ocrx_word' id='word_1_269' title='bbox 1004 3689 1071 3766; x_wconf 87' lang='lat' dir='ltr'>quis</span> 
     </span>
     <span class='ocr_line' id='line_1_36' title="bbox 120 3780 1069 3859; baseline 0.006 -21"><span class='ocrx_word' id='word_1_270' title='bbox 120 3780 263 3839; x_wconf 89' lang='lat' dir='ltr'>similibus</span> <span class='ocrx_word' id='word_1_271' title='bbox 284 3782 444 3859; x_wconf 82' lang='lat' dir='ltr'>insignibus</span> <span class='ocrx_word' id='word_1_272' title='bbox 465 3781 627 3841; x_wconf 87' lang='lat' dir='ltr'>noscendus</span> <span class='ocrx_word' id='word_1_273' title='bbox 647 3783 828 3853; x_wconf 88' lang='lat' dir='ltr'>occurrisset,</span> <span class='ocrx_word' id='word_1_274' title='bbox 842 3784 881 3843; x_wconf 87' lang='lat' dir='ltr'>eb</span> <span class='ocrx_word' id='word_1_275' title='bbox 893 3804 929 3843; x_wconf 91' lang='lat' dir='ltr'>eo</span> <span class='ocrx_word' id='word_1_276' title='bbox 942 3785 1069 3844; x_wconf 83' lang='lat' dir='ltr'>obstine-</span> 
     </span>
    </p>
   </div>
   <div class='ocr_carea' id='block_1_7' title="bbox 120 3875 1070 3959">
    <p class='ocr_par' dir='ltr' id='par_1_9' title="bbox 120 3875 1070 3959">
     <span class='ocr_line' id='line_1_37' title="bbox 120 3875 1070 3959; baseline 0.006 -26"><span class='ocrx_word' id='word_1_277' title='bbox 120 3884 186 3933; x_wconf 87' lang='lat' dir='ltr'>rent</span> <span class='ocrx_word' id='word_1_278' title='bbox 206 3876 276 3947; x_wconf 84' lang='lat' dir='ltr'>tels,</span> <span class='ocrx_word' id='word_1_279' title='bbox 291 3875 768 3956; x_wconf 84' lang='lat' dir='ltr'>vivumque&#39;comprebenderent.&#39;</span> <span class='ocrx_word' id='word_1_280' title='bbox 810 3878 871 3937; x_wconf 87' lang='lat' dir='ltr'>Sed</span> <span class='ocrx_word' id='word_1_281' title='bbox 887 3879 942 3959; x_wconf 91' lang='lat' dir='ltr'>ipsi</span> <span class='ocrx_word' id='word_1_282' title='bbox 953 3898 1070 3958; x_wconf 89' lang='lat' dir='ltr'>quoque</span> 
     </span>
    </p>
   </div>
   <div class='ocr_carea' id='block_1_8' title="bbox 10 3970 1069 4055">
    <p class='ocr_par' dir='ltr' id='par_1_10' title="bbox 10 3970 1069 4055">
     <span class='ocr_line' id='line_1_38' title="bbox 10 3970 1069 4055; baseline 0.008 -25"><span class='ocrx_word' id='word_1_283' title='bbox 10 3972 11 3977; x_wconf 73' lang='grc'>’</span> <span class='ocrx_word' id='word_1_284' title='bbox 123 3970 218 4033; x_wconf 87' lang='lat' dir='ltr'>Decio</span> <span class='ocrx_word' id='word_1_285' title='bbox 229 3972 426 4034; x_wconf 81' lang='lat' dir='ltr'>nuntiandum</span> <span class='ocrx_word' id='word_1_286' title='bbox 440 3973 564 4042; x_wconf 75' lang='lat' dir='ltr'>curavit,</span> <span class='ocrx_word' id='word_1_287' title='bbox 579 3971 742 4033; x_wconf 78' lang='lat' dir='ltr'>‘desineret</span> <span class='ocrx_word' id='word_1_288' title='bbox 754 3975 876 4055; x_wconf 77' lang='lat' dir='ltr'>ineptire</span> <span class='ocrx_word' id='word_1_289' title='bbox 888 3975 963 4035; x_wconf 82' lang='lat' dir='ltr'>inter</span> <span class='ocrx_word' id='word_1_290' title='bbox 974 3996 1069 4039; x_wconf 82' lang='lat' dir='ltr'>erme-</span> 
     </span>
    </p>
   </div>
   <div class='ocr_carea' id='block_1_9' title="bbox 415 4143 789 4217">
    <p class='ocr_par' dir='ltr' id='par_1_11' title="bbox 415 4143 789 4217">
     <span class='ocr_line' id='line_1_39' title="bbox 415 4143 789 4217; baseline 0.005 -5"><span class='ocrx_word' id='word_1_291' title='bbox 415 4162 472 4213; x_wconf 68' lang='lat' dir='ltr'>rs.</span> <span class='ocrx_word' id='word_1_292' title='bbox 485 4162 518 4212; x_wconf 90' lang='lat' dir='ltr'>u.</span> <span class='ocrx_word' id='word_1_293' title='bbox 530 4161 627 4215; x_wconf 56' lang='lat' dir='ltr'>curs.</span> <span class='ocrx_word' id='word_1_294' title='bbox 644 4164 678 4217; x_wconf 77' lang='lat' dir='ltr'>A.</span> <span class='ocrx_word' id='word_1_295' title='bbox 689 4143 719 4216; x_wconf 86' lang='lat' dir='ltr'>c.</span> <span class='ocrx_word' id='word_1_296' title='bbox 730 4167 789 4214; x_wconf 78' lang='lat' dir='ltr'>sss.</span> 
     </span>
    </p>
   </div>
   <div class='ocr_carea' id='block_1_10' title="bbox 0 0 1476 4767">
    <p class='ocr_par' dir='ltr' id='par_1_12' title="bbox 0 0 1476 4767">
     <span class='ocr_line' id='line_1_40' title="bbox 0 0 1476 4767; baseline 0 0"><span class='ocrx_word' id='word_1_297' title='bbox 0 0 1476 4767; x_wconf 95' lang='lat' dir='ltr'> </span> 
     </span>
    </p>
   </div>
  </div>
 </body>
</html>
