2917 4767
298 398 332 448 r.
356 396 457 445 nrvrr
481 396 585 445 arant
611 396 692 445 ιιι.
715 394 1036 445 sorrasunnrun.
1137 378 1222 445 tto?

99 540 187 599 tibus
195 548 225 599 et
233 540 401 617 arrogante
411 538 615 609 ministrorum,
629 558 753 618 quorum
764 538 793 598 ei
806 539 880 598 vitis
892 558 950 598 non
962 540 1057 598 murus

102 637 307 714 ubivisquam
320 654 375 694 sua
388 644 557 695 nocuerunt.
599 635 770 715 Adeopost
780 636 904 715 primam
924 634 1008 695 illam
1025 644 1057 695 et

101 732 287 810 pmipuam
306 750 419 800 curam,
441 740 474 789 ut
495 730 549 810 ipsi
569 750 659 809 quarn
682 731 786 809 optimi
805 730 876 800 sint,
900 730 984 789 nulla
1003 738 1056 789 aut

98 826 230 903 dignior,
244 833 299 884 aut
311 825 454 885 salubrior
465 844 527 884 esse
542 826 658 903 regibus
671 825 826 885 solicitudo
840 835 946 905 potest,
965 844 1056 903 quam

99 930 133 979 ut
150 922 264 980 amicos
284 940 323 979 ex
344 921 450 979 virtute
471 920 619 998 deligant:
641 921 761 1001 quando
780 923 855 981 inter
875 922 1004 1002 privatos
1014 920 1055 979 ob

97 1036 186 1075 suam
199 1017 327 1095 quisque
336 1015 456 1095 culpam
469 1036 575 1077 exosus
584 1026 640 1086 est,
654 1016 844 1097 Principibus
856 1019 944 1075 etiam
958 1016 1056 1075 aliena

98 1122 228 1190 peccata
241 1113 431 1189 imputantur.
475 1110 535 1171 Sed
551 1113 615 1171 benc
628 1122 730 1192 postea
742 1122 844 1173 wenta
856 1122 932 1171 sunt.

139 1214 171 1265 3.
193 1206 274 1265 Tum
286 1226 357 1265 vero
369 1205 533 1265 calentibus
553 1207 649 1267 adbuc
669 1208 783 1279 studiis,
805 1210 929 1287 primum
942 1228 962 1266 a
973 1206 1052 1265 Tau·
1065 1222 1140 1281 moa,
1151 1223 1205 1276 1:01,

97 1302 344 1361 nominitanorum
357 1301 487 1380 principe
499 1300 696 1381 Tyndarione,
712 1306 794 1380 (nam
806 1323 844 1363 ea
855 1312 939 1383 parte
951 1302 1053 1361 insulse

98 1398 227 1475 primurn
251 1396 433 1475 appulerat.)
455 1415 524 1456 rnox
551 1418 570 1456 s
591 1396 757 1457 Catanense
782 1397 892 1478 populo
916 1397 1053 1457 maximis

96 1492 262 1551 bonoribus
275 1500 415 1570 acceptus
426 1490 591 1570 cultrrsque,
604 1512 671 1552 cum
684 1493 811 1573 pedestri
821 1493 951 1554 exercitu
961 1492 1051 1571 Syra·

96 1606 183 1647 cusas
203 1606 306 1646 versus
326 1588 476 1666 prooessit.
526 1586 660 1647 Classem
682 1589 763 1649 baud
783 1588 885 1669 procul
906 1589 1051 1648 littoribus

97 1681 280 1741 circumduci
288 1682 388 1758 jussit,
402 1690 535 1761 paratam
551 1683 797 1764 instructamque:
818 1704 874 1743 nec
885 1684 964 1742 enim
977 1684 1052 1743 citra

98 1778 193 1856 prelii
210 1777 368 1835 discrimen
391 1777 503 1837 aditum
524 1777 563 1836 ad
581 1780 793 1857 Syracusanam
815 1780 917 1839 urbem
937 1778 1050 1838 dature

99 1872 387 1949 Carthaginiensium
410 1891 500 1930 naves
521 1872 706 1933 ridebantur.
757 1873 818 1932 Sed
842 1880 991 1941 evenerat,
1017 1880 1051 1931 ιιι

98 1965 191 2046 paulo
212 1967 358 2025 antehoc
375 1974 489 2045 tempus
509 1968 629 2044 triginta
655 1988 746 2027 naves
767 1967 894 2026 Punicae
915 1966 990 2025 alios
1010 1968 1051 2025 ob

98 2082 167 2121 usus
180 2082 201 2121 a
212 2060 309 2120 classe
322 2060 505 2119 discederent
512 2080 521 2129 ς
543 2080 611 2139 quse
626 2063 698 2140 quis
718 2060 847 2119 nondum
859 2069 1047 2130 reverterant,

96 2176 162 2215 eum
176 2156 303 2235 reliquis
323 2155 418 2214 aleam
434 2155 505 2214 belli
525 2164 638 2215 tentare
658 2156 819 2215 Poenorum
833 2156 989 2235 imperator
1002 2175 1048 2213 re·

94 2252 230 2309 cusabat
274 2248 371 2326 Igitur
392 2252 507 2308 nemine
524 2252 695 2329 probibente
715 2252 869 2327 ingressus,
887 2249 1047 2310 Tboenione
1059 2270 1165 2335 Dionys.

94 2356 125 2404 et
136 2345 300 2405 Sosistrato
310 2342 503 2413 tradentibus,
516 2346 669 2423 pecorum
683 2344 843 2424 publicam,
857 2364 947 2405 naves
954 2355 1047 2405 tectas
1058 2365 1162 2417 Diodor.

92 2450 211 2499 centum
219 2440 339 2517 viginti,
350 2449 466 2518 apertas
473 2439 587 2517 viginti,
601 2438 671 2509 tela,
686 2440 847 2509 machinas,
858 2449 1046 2520 ceteramque

94 2534 165 2593 belli
191 2542 369 2613 apparatum
396 2534 513 2613 accipit.
565 2534 638 2593 Hoc
665 2536 764 2611 agenti
795 2537 1003 2613 superveniunt
1027 2556 1047 2594 a

96 2628 248 2688 leontinis
261 2628 363 2705 legati,
378 2648 501 2707 quorum
515 2629 647 2708 princepe
661 2627 841 2688 Heraclidas
850 2630 951 2689 urbem
962 2648 1047 2689 auara

94 2724 164 2802 regi,
181 2732 385 2803 praetereaque
398 2723 507 2802 copias,
529 2723 659 2802 peditum
677 2722 771 2782 millia
782 2733 919 2801 quatuor,
932 2726 1047 2802 equites

95 2819 282 2897 quingentos,
309 2816 462 2879 offerebat.
510 2817 621 2925 Neque
640 2820 756 2895 segnius
775 2817 842 2875 aliis
865 2819 905 2875 ab
926 2818 1046 2875 urbibus
1055 2816 1120 2866 Pht·

93 3008 261 3066 humaniter
274 3016 415 3085 exceptos
427 3006 610 3087 habitosque,
630 3006 787 3066 conciliata
799 3007 928 3065 omnium
939 2928 1099 3066 volun-¹³:

93 3112 166 3175 tate,
186 3124 274 3163 suam
290 3123 437 3183 quemque
454 3104 483 3162 in
505 3104 655 3164 civitatem
667 3102 793 3168 remisit:
816 3101 991 3180 ampliores
977 3120 1043 3177 Jam

95 3200 190 3257 animo
204 3218 273 3277 spes
285 3198 409 3275 agitem,
423 3206 463 3269 et,
478 3218 501 3257 st
493 3197 660 3258 destinata
666 3216 752 3277 porro
760 3196 800 3256 ιιι
808 3194 940 3266 linerent,
954 3196 1043 3254 edam

95 3291 123 3351 ia
136 3291 278 3352 Africam
291 3294 471 3353 bannitum.

130 3395 162 3447 4.
185 3387 236 3447 At
247 3388 333 3446 sociis
348 3390 413 3467 ejus
425 3389 454 3446 in
469 3387 559 3449 Italia
571 3389 651 3447 baud
664 3390 783 3470 perinde
796 3390 874 3449 lete
884 3397 1042 3449 reserant:

93 3502 176 3561 quos,
192 3484 316 3541 absente
324 3502 392 3559 rege
403 3490 435 3541 et
445 3484 549 3543 robore
562 3484 717 3553 exercitus,
731 3483 870 3544 adversus
882 3484 1044 3544 infestiores

93 3575 226 3656 quotidie
240 3574 395 3636 Romanos
409 3577 486 3637 Milo
498 3598 565 3637 cuni
587 3586 669 3658 parte
690 3579 840 3658 copiarum
855 3577 974 3639 Tarenti
996 3598 1042 3637 re·
1054 3587 1138 3637 zoam.

92 3670 180 3729 lictors
200 3690 261 3729 non
281 3672 352 3730 satis
371 3673 532 3732 tutabatur.
574 3671 732 3732 Hactenus
750 3682 849 3731 tanim
870 3674 988 3753 profuit,
1011 3682 1044 3731 ut

93 3764 263 3824 Tarentinis
276 3764 315 3823 ad
327 3775 442 3846 tempus
461 3768 560 3826 dilatis
582 3768 669 3827 ambo
689 3768 823 3827 consules
844 3768 1042 3829 insomnium

92 3860 179 3937 signs
189 3868 399 3920 converterent.
430 3860 588 3932 Samnites,
601 3881 668 3921 cum
681 3882 840 3941 agrossrros
851 3864 906 3932 uri,
920 3860 1044 3922 castella

94 3955 270 4033 expugnari,
285 3963 378 4013 totam
391 3954 462 4013 belli
482 3955 588 4016 molem
601 3958 631 4015 in
643 3977 675 4016 ee
688 3976 812 4027 versam,
825 3976 947 4035 seques
958 3956 1044 4015 sociis
1105 3942 1110 3947 ⁸

94 4046 248 4107 derelictos
268 4069 332 4109 esse
352 4060 511 4122 cernerent,
533 4052 637 4123 animis
656 4072 692 4112 ac
711 4052 822 4112 riribrns
841 4052 977 4131 impares,
990 4051 1043 4111 de·

94 4144 176 4201 sertis
188 4144 307 4223 oppidis
320 4154 409 4223 atque
421 4145 494 4205 vicis
507 4148 535 4205 in
548 4156 661 4206 montes
669 4146 801 4206 excelsos
811 4154 843 4206 et
849 4146 965 4217 arduos,
974 4167 1042 4206 cum

97 4238 233 4299 uxoribus
250 4240 311 4299 suis
332 4240 498 4319 liberisque,
520 4260 555 4301 ac
576 4242 730 4303 carissimis
747 4261 853 4314 rerum,
874 4261 949 4322 quas
969 4242 1043 4301 inter
