2917 4767
475 337 550 388 utu.
573 338 662 389 xxr.
684 339 768 389 ear.
787 325 842 390 54.
1121 323 1208 394 174⁷

93 499 178 546 nos.
224 478 398 560 Quantum
423 479 667 566 ingemiscent,’
687 483 807 568 inquit,
827 487 961 567 'patres
979 479 1096 561 nostri,
1117 485 1208 550 circe

94 582 233 648 mueuie
255 581 470 668 Carthaginis
492 586 618 651 bellare
642 587 746 664 soliti,
767 587 798 650 si
820 584 960 649 uideent
986 603 1061 662 nes,
1087 604 1208 668 proge-

94 685 197 748 niem
210 703 322 762 suem,
337 685 426 751 duos
441 687 601 752 consules
621 687 883 770 consularesque
896 684 1077 761 exereitus,
1092 685 1125 748 in
1139 705 1209 751 me-

95 785 159 850 die
177 785 284 852 Italia
295 794 459 870 paventes
470 789 557 853 intre
570 791 705 853 castret
727 787 882 866 Poenum,
898 787 987 870 quud
1001 785 1087 849 inter
1100 785 1210 870 Alpes

97 885 396 971 Apenninumque
411 890 481 971 agri
496 889 555 966 sit,
570 909 644 955 sure
658 889 796 954 ditionis
811 886 970 954 lecissel'
1014 887 1104 951 Heec
1126 889 1210 952 essi·

98 987 192 1052 dens
205 1007 297 1071 egro
313 989 464 1072 college,
475 987 549 1055 lutee
564 991 600 1054 in
614 990 772 1073 praetorio
788 1007 894 1072 prope
914 987 1210 1052 concionabundus

100 1108 222 1171 egere.
268 1084 475 1156 Stimulabat
493 1097 526 1155 et
539 1095 674 1173 tempus
690 1091 915 1174 propinquum
931 1088 1154 1166 comitiorum,
1169 1109 1211 1154 ue

98 1189 138 1253 in
152 1209 270 1256 nurus
284 1191 442 1256 eonsules
453 1191 582 1258 bellum
596 1191 794 1268 differretur,
810 1195 844 1258 et
857 1191 993 1256 oeuesiu
1008 1189 1044 1254 in
1055 1209 1093 1254 se
1109 1209 1211 1254 uuum

101 1291 279 1358 uertendae
292 1293 422 1373 gloriae,
443 1291 523 1357 dum
539 1311 629 1376 aeger
643 1293 777 1376 collega
790 1297 873 1356 eret
920 1290 1053 1374 ltaque,
1074 1292 1210 1373 nequie-

103 1411 211 1474 quam
225 1391 440 1458 dissentiente
462 1392 635 1468 Cornelio,
648 1394 762 1478 parari
784 1394 826 1458 ed
850 1393 1077 1476 propinquum
1104 1400 1212 1458 certe·

106 1513 189 1558 men
217 1493 342 1558 milites
364 1494 474 1577 jubet.
518 1495 703 1574 Hannibal,
725 1513 815 1573 cum,
837 1495 918 1578 quid
941 1495 1103 1578 optimum
1126 1495 1213 1560 toret

107 1595 219 1672 hosti,
231 1602 391 1672 cerneret,
410 1597 471 1662 rix
490 1596 596 1661 ullam
610 1616 705 1680 spem
719 1597 877 1674 habebut,
892 1601 1017 1661 temere
1037 1605 1140 1680 etque
1153 1598 1214 1660 im·

107 1696 260 1779 provide
270 1698 452 1781 quicquam
461 1699 618 1764 consules
627 1703 776 1776 eeteros,
787 1717 863 1764 eum
876 1697 1013 1762 ulterius
1025 1697 1213 1782 ingenium,³

104 1799 202 1862 ferne
222 1799 330 1882 prius,
350 1798 472 1865 deiude
493 1801 730 1882 recognitum,
752 1801 918 1883 percitum
941 1817 983 1863 ee
1000 1796 1094 1863 ferox
1116 1801 1216 1864 sciret

108 1918 200 1977 esse,
215 1899 433 1984 ferociusque
452 1899 581 1966 laetum
604 1919 766 1984 prospero
781 1917 858 1964 cum
878 1899 1122 1982 praedatoribus
1145 1902 1215 1964 suis

110 1999 300 2064 certamine
314 2001 480 2083 crederet3
501 2001 621 2067 edesse
640 2002 794 2084 gereudae
808 2001 855 2064 rei
869 1999 1034 2064 fortunam
1050 1999 1136 2064 haud
1153 2000 1216 2065 dii·

110 2100 258 2171 fidebat·
300 2100 409 2184 Cujus
430 2102 582 2187 nequod
606 2106 876 2186 pretermitteret
904 2108 1047 2184 tempus,
1063 2102 1216 2166 solicitus

111 2203 366 2284 intentusque⁴
386 2208 469 2280 erat,
488 2204 568 2267 dum
588 2200 650 2268 'tiro
663 2205 807 2269 hostiurn
824 2209 913 2268 esset
927 2203 1035 2279 miles,
1052 2202 1130 2266 dum
1147 2221 1216 2268 ure-

110 2303 233 2368 liorem
256 2323 301 2366 ex
315 2302 462 2370 ducibus
476 2305 628 2368 inutilem
650 2306 770 2370 vulnus
794 2305 929 2383 feceret,
951 2303 1030 2368 dum
1043 2302 1216 2370 Gallorum

112 2403 219 2468 animi
235 2405 401 2485 vigerent:
418 2424 559 2489 quorum
570 2406 732 2488 ingentem
749 2405 991 2472 multitudinem
1004 2407 1133 2470 sciebat
1143 2423 1216 2487 seg·

111 2505 191 2570 nius
205 2516 410 2583 secuturum,
427 2514 553 2588 quento
567 2506 700 2588 lougius
712 2509 757 2572 eb
769 2506 869 2572 demo
882 2504 1109 2572 traherentur.⁵
1133 2503 1217 2571 Guru

114 2607 160 2672 ob
175 2606 254 2672 lraec
266 2605 418 2692 taliaque
434 2613 584 2691 speraret
602 2607 830 2692 propinquum
846 2615 1026 2686 certamen,
1045 2613 1078 2672 et
1093 2606 1223 2684 fecere,

113 2708 146 2771 si
160 2712 363 2785 cessaretur,
377 2715 540 2791 cuperet:
554 2709 851 2792 speculatoresque
866 2707 972 2788 Gelli,
987 2707 1031 2772 ed
1045 2725 1086 2772 ee
1101 2707 1218 2791 explu-

116 2806 235 2884 rande,
250 2827 328 2890 quae
346 2807 459 2886 vellet,
472 2809 723 2894 tutiores2quia
738 2811 772 2874 in
791 2809 941 2892 utrisque
957 2808 1077 2872 cestris
1097 2807 1220 2873 milite·

117 2909 214 2988 baut,
227 2915 369 2992 paretes
383 2927 506 2992 pugnae
522 2928 597 2973 esse
619 2909 796 2974 Remems
816 2909 1025 2990 retulissent3
1047 2907 1154 2972 locum
1170 2910 1219 2973 in-

118 3008 218 3074 sidiis
233 3009 513 3092 circumspectare
528 3010 657 3076 Poenus
671 3010 788 3093 ceepit.

159 3111 219 3174 st.
240 3109 323 3174 Erat
333 3111 368 3174 in
382 3109 492 3175 medio
507 3111 610 3189 rivus,
625 3113 777 3196 praealtis
796 3111 962 3193 utrimque
980 3110 1114 3178 clausus
1125 3114 1220 3198 ripis,

116 3220 154 3278 et
168 3211 263 3278 eirea
276 3211 409 3276 obsitus
430 3211 640 3296 palustribus
652 3211 766 3278 herbis
781 3220 826 3289 et,
841 3211 964 3296 quibus
978 3213 1107 3278 inculte
1121 3213 1222 3280 fenne

117 3313 479 3397 vestiuntur,virgultis
495 3316 735 3400 vepribusque.
779 3311 888 3393 Quem
898 3315 956 3380 ubi
965 3312 1071 3400 equiti
1087 3335 1222 3400 queque

118 3412 294 3498 tegende⁶
315 3416 401 3479 setis
410 3417 617 3481 latebrosum
631 3417 744 3480 lucum
760 3416 1005 3480 circumuectus
1020 3417 1095 3500 ipse
1111 3416 1220 3481 oculis

151 3621 163 3645 t
181 3611 244 3660 Cure
261 3617 368 3674 speraret
378 3611 503 3662 Hanniba
516 3614 626 3676 pretim
640 3614 868 3663 mauritarum
884 3619 966 3676 rpem
976 3613 1120 3677 Sempronii,
1131 3620 1154 3666 et
1165 3615 1225 3680 ipre,

119 3676 291 3735 huelem
303 3675 407 3725 mr
414 3677 444 3726 ut
454 3693 481 3727 eu
492 3678 646 3734 mummi,
658 3679 728 3728 uellet
739 3685 818 3728 tumen
828 3677 888 3728 iilud
899 3679 1052 3728 reuertere.

582 3819 766 3844 ”mu

154 3919 260 3984 r'ottm
279 3933 416 3997 legebatur
433 3936 594 3988 militm—2
612 3937 655 3988 ΑΙ.
670 3953 699 3988 ue
717 3938 764 3988 teri
778 3939 848 3986 t.-ll
866 3935 936 3984 Olim
956 3917 1091 3996 legebatur
1110 3936 1151 3984 red
1173 3951 1227 3988 erm

124 3999 371 4112 limum,
387 4007 415 4049 et
431 4015 492 4050 mox
512 4003 717 4064 retegam—«t
732 4000 777 4051 ΑΙ.
796 3999 946 4062 solicitaeque
962 4004 985 4047 et
1004 3999 1166 4048 intentae-t
1184 4002 1227 4050 At.

154 4131 172 4176 t
186 4127 252 4176 ιΒΙο
267 4138 302 4174 ex
319 4123 371 4174 title
387 4128 568 4178 nonnullorum
582 4129 648 4182 lim.
658 4125 738 4180 edidi.
774 4125 808 4178 Ar
820 4127 845 4176 in
856 4125 935 4190 longe
947 4121 1073 4191 plurimis,
1085 4123 1167 4190 iisque
1180 4142 1225 4191 up·

125 4191 204 4257 rimis,
214 4195 290 4240 extet
301 4191 390 4254 medes
399 4206 488 4257 queque
497 4195 607 4258 tegendo,
614 4208 647 4244 ex
656 4209 707 4261 quo
717 4193 821 4259 uulgata
831 4191 897 4242 lidd.
909 4192 989 4243 lectio
998 4192 1030 4242 ud
1038 4192 1129 4255 equites
1139 4207 1229 4256 qaoque
