<?xml version="1.0" encoding="UTF-8"?>
<!DOCTYPE html PUBLIC "-//W3C//DTD XHTML 1.0 Transitional//EN"
    "http://www.w3.org/TR/xhtml1/DTD/xhtml1-transitional.dtd">
<html xmlns="http://www.w3.org/1999/xhtml" xml:lang="en" lang="en">
 <head>
  <title>
</title>
<meta http-equiv="Content-Type" content="text/html;charset=utf-8" />
  <meta name='ocr-system' content='tesseract 3.04.00' />
  <meta name='ocr-capabilities' content='ocr_page ocr_carea ocr_par ocr_line ocrx_word'/>
</head>
<body>
  <div class='ocr_page' id='page_1' title='image "./tliviipatavinih00unkngoog/tliviipatavinih00unkngoog_0223.png"; bbox 0 0 2917 4767; ppageno 0'>
   <div class='ocr_carea' id='block_1_1' title="bbox 392 354 1231 433">
    <p class='ocr_par' dir='ltr' id='par_1_1' title="bbox 392 354 1231 433">
     <span class='ocr_line' id='line_1_1' title="bbox 392 354 1231 433; baseline -0.002 -2"><span class='ocrx_word' id='word_1_1' title='bbox 392 379 494 433; x_wconf 78' lang='lat' dir='ltr'><strong>araur</strong></span> <span class='ocrx_word' id='word_1_2' title='bbox 520 372 606 431; x_wconf 75' lang='lat' dir='ltr'><strong>xix.</strong></span> <span class='ocrx_word' id='word_1_3' title='bbox 630 376 956 432; x_wconf 71' lang='lat' dir='ltr'><strong>rurrnuuau‘ruu.</strong></span> <span class='ocrx_word' id='word_1_4' title='bbox 1139 354 1231 430; x_wconf 67' lang='lat' dir='ltr'><strong>lam</strong></span> 
     </span>
    </p>
   </div>
   <div class='ocr_carea' id='block_1_2' title="bbox 108 532 1063 813">
    <p class='ocr_par' dir='ltr' id='par_1_2' title="bbox 108 532 1063 813">
     <span class='ocr_line' id='line_1_2' title="bbox 110 532 1063 613; baseline 0.003 -21"><span class='ocrx_word' id='word_1_5' title='bbox 110 548 161 613; x_wconf 87' lang='lat' dir='ltr'><strong>que</strong></span> <span class='ocrx_word' id='word_1_6' title='bbox 173 532 295 595; x_wconf 76' lang='lat' dir='ltr'><strong>classem</strong></span> <span class='ocrx_word' id='word_1_7' title='bbox 311 534 477 600; x_wconf 85' lang='lat' dir='ltr'><strong>duceretl’</strong></span> <span class='ocrx_word' id='word_1_8' title='bbox 517 538 617 600; x_wconf 85' lang='lat' dir='ltr'><strong>Nulla</strong></span> <span class='ocrx_word' id='word_1_9' title='bbox 629 540 690 599; x_wconf 87' lang='lat' dir='ltr'><strong>iere</strong></span> <span class='ocrx_word' id='word_1_10' title='bbox 703 539 810 600; x_wconf 89' lang='lat' dir='ltr'><strong>nobilis</strong></span> <span class='ocrx_word' id='word_1_11' title='bbox 830 536 938 598; x_wconf 81' lang='lat' dir='ltr'><strong>Romae</strong></span> <span class='ocrx_word' id='word_1_12' title='bbox 958 537 1063 597; x_wconf 91' lang='lat' dir='ltr'><strong>domus</strong></span> 
     </span>
     <span class='ocr_line' id='line_1_3' title="bbox 109 632 1063 717; baseline 0.003 -30"><span class='ocrx_word' id='word_1_13' title='bbox 109 636 174 699; x_wconf 86' lang='lat' dir='ltr'><strong>erat,</strong></span> <span class='ocrx_word' id='word_1_14' title='bbox 195 632 268 710; x_wconf 84' lang='lat' dir='ltr'><strong>quin</strong></span> <span class='ocrx_word' id='word_1_15' title='bbox 292 632 464 695; x_wconf 79' lang='lat' dir='ltr'><strong>Claudiam</strong></span> <span class='ocrx_word' id='word_1_16' title='bbox 490 646 607 714; x_wconf 80' lang='lat' dir='ltr'><strong>gentem</strong></span> <span class='ocrx_word' id='word_1_17' title='bbox 630 638 794 717; x_wconf 88' lang='lat' dir='ltr'><strong>propinqua</strong></span> <span class='ocrx_word' id='word_1_18' title='bbox 814 636 988 713; x_wconf 75' lang='lat' dir='ltr'><strong>cognatione</strong></span> <span class='ocrx_word' id='word_1_19' title='bbox 1012 642 1063 691; x_wconf 91' lang='lat' dir='ltr'><strong>aut</strong></span> 
     </span>
     <span class='ocr_line' id='line_1_4' title="bbox 108 722 1061 813; baseline 0.004 -30"><span class='ocrx_word' id='word_1_20' title='bbox 108 722 240 784; x_wconf 79' lang='lat' dir='ltr'><strong>affinitate</strong></span> <span class='ocrx_word' id='word_1_21' title='bbox 253 731 458 809; x_wconf 85' lang='lat' dir='ltr'><strong>contingeret.</strong></span> <span class='ocrx_word' id='word_1_22' title='bbox 501 732 610 813; x_wconf 77' lang='lat' dir='ltr'><strong>Itaque</strong></span> <span class='ocrx_word' id='word_1_23' title='bbox 624 752 680 790; x_wconf 91' lang='lat' dir='ltr'><strong>non</strong></span> <span class='ocrx_word' id='word_1_24' title='bbox 700 732 822 791; x_wconf 90' lang='lat' dir='ltr'><strong>deerant</strong></span> <span class='ocrx_word' id='word_1_25' title='bbox 834 732 884 808; x_wconf 91' lang='lat' dir='ltr'><strong>qui</strong></span> <span class='ocrx_word' id='word_1_26' title='bbox 898 750 977 788; x_wconf 92' lang='lat' dir='ltr'><strong>ream</strong></span> <span class='ocrx_word' id='word_1_27' title='bbox 997 738 1061 787; x_wconf 90' lang='lat' dir='ltr'><strong>tue-</strong></span> 
     </span>
    </p>
   </div>
   <div class='ocr_carea' id='block_1_3' title="bbox 104 822 1219 4335">
    <p class='ocr_par' dir='ltr' id='par_1_3' title="bbox 104 822 1210 2523">
     <span class='ocr_line' id='line_1_5' title="bbox 108 822 1060 907; baseline 0.004 -30"><span class='ocrx_word' id='word_1_28' title='bbox 108 830 206 889; x_wconf 90' lang='lat' dir='ltr'><strong>rentur,</strong></span> <span class='ocrx_word' id='word_1_29' title='bbox 220 822 402 885; x_wconf 77' lang='lat' dir='ltr'>claritatem</span> <span class='ocrx_word' id='word_1_30' title='bbox 422 826 553 895; x_wconf 79' lang='lat' dir='ltr'><strong>iamiliae,</strong></span> <span class='ocrx_word' id='word_1_31' title='bbox 568 830 660 906; x_wconf 82' lang='lat' dir='ltr'><strong>petris</strong></span> <span class='ocrx_word' id='word_1_32' title='bbox 673 826 768 907; x_wconf 82' lang='lat' dir='ltr'><strong>Appii</strong></span> <span class='ocrx_word' id='word_1_33' title='bbox 782 828 896 894; x_wconf 86' lang='lat' dir='ltr'><strong>merita,</strong></span> <span class='ocrx_word' id='word_1_34' title='bbox 918 823 1060 902; x_wconf 76' lang='lat' dir='ltr'><strong>fragilita-</strong></span> 
     </span>
     <span class='ocr_line' id='line_1_6' title="bbox 107 917 1060 995; baseline 0.004 -24"><span class='ocrx_word' id='word_1_35' title='bbox 107 924 159 972; x_wconf 90' lang='lat' dir='ltr'><strong>tem</strong></span> <span class='ocrx_word' id='word_1_36' title='bbox 172 936 262 976; x_wconf 81' lang='lat' dir='ltr'><strong>sexus</strong></span> <span class='ocrx_word' id='word_1_37' title='bbox 275 920 498 980; x_wconf 77' lang='lat' dir='ltr'><strong>obtendentes:</strong></span> <span class='ocrx_word' id='word_1_38' title='bbox 521 920 704 981; x_wconf 88' lang='lat' dir='ltr'><strong>‘inauditum</strong></span> <span class='ocrx_word' id='word_1_39' title='bbox 717 942 779 980; x_wconf 71' lang='lat' dir='ltr'><strong>ease</strong></span> <span class='ocrx_word' id='word_1_40' title='bbox 793 920 925 980; x_wconf 85' lang='lat' dir='ltr'><strong>ioeminas</strong></span> <span class='ocrx_word' id='word_1_41' title='bbox 935 917 1060 995; x_wconf 89' lang='lat' dir='ltr'><strong>adjudi-</strong></span> 
     </span>
     <span class='ocr_line' id='line_1_7' title="bbox 106 1010 1170 1097; baseline 0.007 -31"><span class='ocrx_word' id='word_1_42' title='bbox 106 1010 175 1068; x_wconf 87' lang='lat' dir='ltr'><strong>cium</strong></span> <span class='ocrx_word' id='word_1_43' title='bbox 189 1013 299 1093; x_wconf 87' lang='lat' dir='ltr'><strong>populi</strong></span> <span class='ocrx_word' id='word_1_44' title='bbox 320 1019 447 1075; x_wconf 84' lang='lat' dir='ltr'><strong>vocari:</strong></span> <span class='ocrx_word' id='word_1_45' title='bbox 469 1038 562 1097; x_wconf 87' lang='lat' dir='ltr'><strong>neque</strong></span> <span class='ocrx_word' id='word_1_46' title='bbox 583 1018 654 1075; x_wconf 85' lang='lat' dir='ltr'><strong>satis</strong></span> <span class='ocrx_word' id='word_1_47' title='bbox 678 1036 796 1093; x_wconf 80' lang='lat' dir='ltr'><strong>gravem</strong></span> <span class='ocrx_word' id='word_1_48' title='bbox 818 1034 948 1083; x_wconf 76' lang='lat' dir='ltr'><strong>causam,</strong></span> <span class='ocrx_word' id='word_1_49' title='bbox 969 1034 1021 1072; x_wconf 92' lang='lat' dir='ltr'><strong>cur</strong></span> <span class='ocrx_word' id='word_1_50' title='bbox 1042 1022 1170 1073; x_wconf 83' lang='lat' dir='ltr'><strong>aSuetou.</strong></span> 
     </span>
     <span class='ocr_line' id='line_1_8' title="bbox 106 1102 1062 1192; baseline 0.006 -32"><span class='ocrx_word' id='word_1_51' title='bbox 106 1102 229 1165; x_wconf 81' lang='lat' dir='ltr'><strong>Claudia</strong></span> <span class='ocrx_word' id='word_1_52' title='bbox 242 1128 312 1168; x_wconf 88' lang='lat' dir='ltr'><strong>mos</strong></span> <span class='ocrx_word' id='word_1_53' title='bbox 326 1132 425 1171; x_wconf 87' lang='lat' dir='ltr'><strong>novus</strong></span> <span class='ocrx_word' id='word_1_54' title='bbox 438 1113 589 1192; x_wconf 83' lang='lat' dir='ltr'><strong>inciperet,</strong></span> <span class='ocrx_word' id='word_1_55' title='bbox 604 1130 681 1191; x_wconf 85' lang='lat' dir='ltr'><strong>quae,</strong></span> <span class='ocrx_word' id='word_1_56' title='bbox 696 1110 777 1170; x_wconf 89' lang='lat' dir='ltr'><strong>nullo</strong></span> <span class='ocrx_word' id='word_1_57' title='bbox 791 1120 843 1168; x_wconf 85' lang='lat' dir='ltr'><strong>aut</strong></span> <span class='ocrx_word' id='word_1_58' title='bbox 861 1108 995 1178; x_wconf 87' lang='lat' dir='ltr'><strong>consilio,</strong></span> <span class='ocrx_word' id='word_1_59' title='bbox 1010 1118 1062 1168; x_wconf 90' lang='lat' dir='ltr'><strong>aut</strong></span> 
     </span>
     <span class='ocr_line' id='line_1_9' title="bbox 105 1199 1061 1287; baseline 0.005 -31"><span class='ocrx_word' id='word_1_60' title='bbox 105 1199 177 1258; x_wconf 86' lang='lat' dir='ltr'><strong>iacto</strong></span> <span class='ocrx_word' id='word_1_61' title='bbox 197 1204 366 1281; x_wconf 84' lang='lat' dir='ltr'><strong>majestate</strong></span> <span class='ocrx_word' id='word_1_62' title='bbox 391 1208 491 1287; x_wconf 89' lang='lat' dir='ltr'><strong>populi</strong></span> <span class='ocrx_word' id='word_1_63' title='bbox 516 1205 646 1266; x_wconf 85' lang='lat' dir='ltr'><strong>Romani</strong></span> <span class='ocrx_word' id='word_1_64' title='bbox 668 1207 830 1273; x_wconf 87' lang='lat' dir='ltr'><strong>deminuta,</strong></span> <span class='ocrx_word' id='word_1_65' title='bbox 853 1213 966 1263; x_wconf 89' lang='lat' dir='ltr'><strong>tantum</strong></span> <span class='ocrx_word' id='word_1_66' title='bbox 984 1204 1061 1261; x_wconf 87' lang='lat' dir='ltr'><strong>intra</strong></span> 
     </span>
     <span class='ocr_line' id='line_1_10' title="bbox 104 1294 1060 1383; baseline 0.007 -33"><span class='ocrx_word' id='word_1_67' title='bbox 104 1294 187 1353; x_wconf 83' lang='lat' dir='ltr'><strong>rerba</strong></span> <span class='ocrx_word' id='word_1_68' title='bbox 200 1302 417 1375; x_wconf 62' lang='lat' dir='ltr'><strong>peccavisset?</strong></span> <span class='ocrx_word' id='word_1_69' title='bbox 458 1300 625 1361; x_wconf 84' lang='lat' dir='ltr'><strong>Adversum</strong></span> <span class='ocrx_word' id='word_1_70' title='bbox 639 1322 705 1383; x_wconf 75' lang='lat' dir='ltr'><strong>qua</strong></span> <span class='ocrx_word' id='word_1_71' title='bbox 720 1300 779 1360; x_wconf 92' lang='lat' dir='ltr'><strong>duo</strong></span> <span class='ocrx_word' id='word_1_72' title='bbox 787 1300 895 1360; x_wconf 88' lang='lat' dir='ltr'><strong>tribuni</strong></span> <span class='ocrx_word' id='word_1_73' title='bbox 908 1299 1004 1378; x_wconf 86' lang='lat' dir='ltr'><strong>plebis</strong></span> <span class='ocrx_word' id='word_1_74' title='bbox 1018 1300 1060 1357; x_wconf 89' lang='lat' dir='ltr'><strong>ita</strong></span> 
     </span>
     <span class='ocr_line' id='line_1_11' title="bbox 105 1384 1146 1477; baseline 0.005 -31"><span class='ocrx_word' id='word_1_75' title='bbox 105 1387 282 1453; x_wconf 68' lang='lat' dir='ltr'><strong>disseruere:</strong></span> <span class='ocrx_word' id='word_1_76' title='bbox 301 1404 310 1430; x_wconf 88' lang='lat'>‘</span> <span class='ocrx_word' id='word_1_77' title='bbox 324 1396 427 1462; x_wconf 88' lang='lat' dir='ltr'><strong>Quam</strong></span> <span class='ocrx_word' id='word_1_78' title='bbox 441 1398 572 1477; x_wconf 82' lang='lat' dir='ltr'><strong>impiam,</strong></span> <span class='ocrx_word' id='word_1_79' title='bbox 582 1418 730 1477; x_wconf 90' lang='lat' dir='ltr'><strong>quamque</strong></span> <span class='ocrx_word' id='word_1_80' title='bbox 740 1394 944 1455; x_wconf 88' lang='lat' dir='ltr'><strong>detestabilem</strong></span> <span class='ocrx_word' id='word_1_81' title='bbox 955 1411 1058 1453; x_wconf 83' lang='lat' dir='ltr'><strong>vocem</strong></span> <span class='ocrx_word' id='word_1_82' title='bbox 1140 1384 1146 1393; x_wconf 66' lang='grc'><em>’</em></span> 
     </span>
     <span class='ocr_line' id='line_1_12' title="bbox 106 1482 1057 1571; baseline 0.006 -32"><span class='ocrx_word' id='word_1_83' title='bbox 106 1482 230 1545; x_wconf 83' lang='lat' dir='ltr'><strong>Claudia</strong></span> <span class='ocrx_word' id='word_1_84' title='bbox 248 1492 379 1567; x_wconf 85' lang='lat' dir='ltr'><strong>jecerit,</strong></span> <span class='ocrx_word' id='word_1_85' title='bbox 393 1512 450 1550; x_wconf 90' lang='lat' dir='ltr'><strong>non</strong></span> <span class='ocrx_word' id='word_1_86' title='bbox 464 1494 614 1571; x_wconf 82' lang='lat' dir='ltr'><strong>ignoratis,</strong></span> <span class='ocrx_word' id='word_1_87' title='bbox 629 1492 780 1558; x_wconf 80' lang='lat' dir='ltr'><strong>Quirites:</strong></span> <span class='ocrx_word' id='word_1_88' title='bbox 802 1490 985 1569; x_wconf 89' lang='lat' dir='ltr'><strong>nequeenim</strong></span> <span class='ocrx_word' id='word_1_89' title='bbox 999 1496 1057 1546; x_wconf 84' lang='lat' dir='ltr'><strong>tca-</strong></span> 
     </span>
     <span class='ocr_line' id='line_1_13' title="bbox 105 1578 1056 1666; baseline 0.004 -30"><span class='ocrx_word' id='word_1_90' title='bbox 105 1578 227 1640; x_wconf 84' lang='lat' dir='ltr'><strong>timoniis</strong></span> <span class='ocrx_word' id='word_1_91' title='bbox 236 1604 320 1665; x_wconf 88' lang='lat' dir='ltr'><strong>opus</strong></span> <span class='ocrx_word' id='word_1_92' title='bbox 333 1597 390 1657; x_wconf 89' lang='lat' dir='ltr'><strong>est,</strong></span> <span class='ocrx_word' id='word_1_93' title='bbox 401 1586 560 1647; x_wconf 86' lang='lat' dir='ltr'><strong>confitente</strong></span> <span class='ocrx_word' id='word_1_94' title='bbox 573 1608 641 1647; x_wconf 88' lang='lat' dir='ltr'><strong>rea:</strong></span> <span class='ocrx_word' id='word_1_95' title='bbox 664 1608 758 1666; x_wconf 89' lang='lat' dir='ltr'><strong>neque</strong></span> <span class='ocrx_word' id='word_1_96' title='bbox 771 1588 861 1645; x_wconf 85' lang='lat' dir='ltr'><strong>etiam</strong></span> <span class='ocrx_word' id='word_1_97' title='bbox 874 1584 926 1643; x_wconf 85' lang='lat' dir='ltr'><strong>illa</strong></span> <span class='ocrx_word' id='word_1_98' title='bbox 938 1604 1056 1663; x_wconf 81' lang='lat' dir='ltr'><strong>negare,</strong></span> 
     </span>
     <span class='ocr_line' id='line_1_14' title="bbox 104 1673 1056 1765; baseline -0.013 -18"><span class='ocrx_word' id='word_1_99' title='bbox 104 1673 236 1747; x_wconf 53' lang='lat' dir='ltr'><strong>similet,</strong></span> <span class='ocrx_word' id='word_1_100' title='bbox 252 1692 370 1759; x_wconf 66' lang='lat' dir='ltr'><strong>pomer,</strong></span> <span class='ocrx_word' id='word_1_101' title='bbox 384 1683 463 1765; x_wconf 92' lang='lat' dir='ltr'><strong>quod</strong></span> <span class='ocrx_word' id='word_1_102' title='bbox 477 1684 575 1762; x_wconf 81' lang='lat' dir='ltr'><strong>palam</strong></span> <span class='ocrx_word' id='word_1_103' title='bbox 588 1685 617 1743; x_wconf 89' lang='lat' dir='ltr'><strong>in</strong></span> <span class='ocrx_word' id='word_1_104' title='bbox 632 1683 762 1763; x_wconf 91' lang='lat' dir='ltr'><strong>publico,</strong></span> <span class='ocrx_word' id='word_1_105' title='bbox 783 1702 841 1741; x_wconf 90' lang='lat' dir='ltr'><strong>non</strong></span> <span class='ocrx_word' id='word_1_106' title='bbox 854 1680 971 1748; x_wconf 85' lang='lat' dir='ltr'><strong>Jovem,</strong></span> <span class='ocrx_word' id='word_1_107' title='bbox 989 1696 1056 1736; x_wconf 93' lang='lat' dir='ltr'><strong>cum</strong></span> 
     </span>
     <span class='ocr_line' id='line_1_15' title="bbox 105 1768 1056 1858; baseline 0.001 -29"><span class='ocrx_word' id='word_1_108' title='bbox 105 1768 154 1825; x_wconf 79' lang='lat' dir='ltr'><strong>sub</strong></span> <span class='ocrx_word' id='word_1_109' title='bbox 166 1770 215 1831; x_wconf 89' lang='lat' dir='ltr'><strong>dio</strong></span> <span class='ocrx_word' id='word_1_110' title='bbox 225 1774 295 1833; x_wconf 82' lang='lat' dir='ltr'><strong>lraec</strong></span> <span class='ocrx_word' id='word_1_111' title='bbox 307 1778 430 1848; x_wconf 88' lang='lat' dir='ltr'><strong>diceret,</strong></span> <span class='ocrx_word' id='word_1_112' title='bbox 445 1798 501 1839; x_wconf 90' lang='lat' dir='ltr'><strong>non</strong></span> <span class='ocrx_word' id='word_1_113' title='bbox 511 1778 726 1838; x_wconf 86' lang='lat' dir='ltr'><strong>multitudinem</strong></span> <span class='ocrx_word' id='word_1_114' title='bbox 737 1780 830 1858; x_wconf 87' lang='lat' dir='ltr'><strong>ipsam</strong></span> <span class='ocrx_word' id='word_1_115' title='bbox 837 1777 957 1842; x_wconf 83' lang='lat' dir='ltr'><strong>civium,</strong></span> <span class='ocrx_word' id='word_1_116' title='bbox 967 1792 1056 1851; x_wconf 87' lang='lat' dir='ltr'><strong>quam</strong></span> 
     </span>
     <span class='ocr_line' id='line_1_16' title="bbox 106 1865 1055 1949; baseline 0.006 -29"><span class='ocrx_word' id='word_1_117' title='bbox 106 1865 266 1939; x_wconf 79' lang='lat' dir='ltr'><strong>incusabat,</strong></span> <span class='ocrx_word' id='word_1_118' title='bbox 282 1874 423 1943; x_wconf 78' lang='lat' dir='ltr'><strong>reverita,</strong></span> <span class='ocrx_word' id='word_1_119' title='bbox 436 1874 550 1934; x_wconf 84' lang='lat' dir='ltr'><strong>effudit.</strong></span> <span class='ocrx_word' id='word_1_120' title='bbox 593 1874 741 1939; x_wconf 77' lang='lat' dir='ltr'><strong>Quorsum</strong></span> <span class='ocrx_word' id='word_1_121' title='bbox 761 1872 858 1949; x_wconf 76' lang='lat' dir='ltr'><strong>igitur,</strong></span> <span class='ocrx_word' id='word_1_122' title='bbox 869 1889 937 1930; x_wconf 90' lang='lat' dir='ltr'><strong>cum</strong></span> <span class='ocrx_word' id='word_1_123' title='bbox 946 1869 985 1927; x_wconf 91' lang='lat' dir='ltr'><strong>de</strong></span> <span class='ocrx_word' id='word_1_124' title='bbox 999 1868 1055 1926; x_wconf 91' lang='lat' dir='ltr'><strong>cri·</strong></span> 
     </span>
     <span class='ocr_line' id='line_1_17' title="bbox 108 1960 1202 2047; baseline 0.004 -31"><span class='ocrx_word' id='word_1_125' title='bbox 108 1960 177 2019; x_wconf 89' lang='lat' dir='ltr'><strong>mine</strong></span> <span class='ocrx_word' id='word_1_126' title='bbox 197 1976 329 2037; x_wconf 83' lang='lat' dir='ltr'><strong>constet,</strong></span> <span class='ocrx_word' id='word_1_127' title='bbox 351 1968 390 2026; x_wconf 92' lang='lat' dir='ltr'><strong>de</strong></span> <span class='ocrx_word' id='word_1_128' title='bbox 411 1988 496 2047; x_wconf 87' lang='lat' dir='ltr'><strong>poena</strong></span> <span class='ocrx_word' id='word_1_129' title='bbox 518 1965 709 2028; x_wconf 71' lang='lat' dir='ltr'><strong>dubitamus?</strong></span> <span class='ocrx_word' id='word_1_130' title='bbox 729 1968 882 2027; x_wconf 82' lang='lat' dir='ltr'><strong>Parumne</strong></span> <span class='ocrx_word' id='word_1_131' title='bbox 902 1963 1056 2041; x_wconf 83' lang='lat' dir='ltr'><strong>diligenter</strong></span> <span class='ocrx_word' id='word_1_132' title='bbox 1084 1985 1113 2035; x_wconf 62' lang='lat'><strong>1„</strong></span> <span class='ocrx_word' id='word_1_133' title='bbox 1125 1990 1202 2035; x_wconf 60' lang='lat'><strong>220,</strong></span> 
     </span>
     <span class='ocr_line' id='line_1_18' title="bbox 107 2050 1197 2163; baseline 0.002 -48"><span class='ocrx_word' id='word_1_134' title='bbox 107 2052 214 2130; x_wconf 77' lang='lat' dir='ltr'><strong>legibus</strong></span> <span class='ocrx_word' id='word_1_135' title='bbox 221 2070 349 2120; x_wconf 87' lang='lat' dir='ltr'><strong>cautum</strong></span> <span class='ocrx_word' id='word_1_136' title='bbox 359 2066 424 2122; x_wconf 84' lang='lat' dir='ltr'><strong>est?</strong></span> <span class='ocrx_word' id='word_1_137' title='bbox 437 2084 473 2123; x_wconf 89' lang='lat' dir='ltr'><strong>an</strong></span> <span class='ocrx_word' id='word_1_138' title='bbox 488 2084 550 2134; x_wconf 90' lang='lat' dir='ltr'><strong>nos,</strong></span> <span class='ocrx_word' id='word_1_139' title='bbox 558 2063 650 2122; x_wconf 80' lang='lat' dir='ltr'><strong>verbe</strong></span> <span class='ocrx_word' id='word_1_140' title='bbox 662 2061 761 2141; x_wconf 82' lang='lat' dir='ltr'><strong>legum</strong></span> <span class='ocrx_word' id='word_1_141' title='bbox 769 2069 964 2129; x_wconf 77' lang='lat' dir='ltr'><strong>numerantes,</strong></span> <span class='ocrx_word' id='word_1_142' title='bbox 975 2063 1056 2119; x_wconf 53' lang='lat' dir='ltr'><strong>meu?</strong></span> <span class='ocrx_word' id='word_1_143' title='bbox 1067 2050 1197 2163; x_wconf 48' lang='lat' dir='ltr'><strong>’fill-m</strong></span> 
     </span>
     <span class='ocr_line' id='line_1_19' title="bbox 108 2129 1210 2240; baseline 0.002 -29"><span class='ocrx_word' id='word_1_144' title='bbox 108 2158 161 2208; x_wconf 85' lang='lat' dir='ltr'><strong>tem</strong></span> <span class='ocrx_word' id='word_1_145' title='bbox 180 2172 286 2217; x_wconf 80' lang='lat' dir='ltr'><strong>earum</strong></span> <span class='ocrx_word' id='word_1_146' title='bbox 309 2158 510 2217; x_wconf 84' lang='lat' dir='ltr'><strong>circumveniri</strong></span> <span class='ocrx_word' id='word_1_147' title='bbox 522 2160 670 2240; x_wconf 79' lang='lat' dir='ltr'><strong>petimur?</strong></span> <span class='ocrx_word' id='word_1_148' title='bbox 693 2158 853 2216; x_wconf 84' lang='lat' dir='ltr'><strong>Foeminam</strong></span> <span class='ocrx_word' id='word_1_149' title='bbox 874 2129 1174 2233; x_wconf 61' lang='lat' dir='ltr'><strong>hocjudicio,‚{l&#39;1‚&#39;2,</strong></span> <span class='ocrx_word' id='word_1_150' title='bbox 1198 2148 1210 2164; x_wconf 88' lang='lat'><em>&#39;</em></span> 
     </span>
     <span class='ocr_line' id='line_1_20' title="bbox 107 2246 1055 2321; baseline -0.002 -13"><span class='ocrx_word' id='word_1_151' title='bbox 107 2246 162 2321; x_wconf 79' lang='lat' dir='ltr'><strong>peti</strong></span> <span class='ocrx_word' id='word_1_152' title='bbox 185 2268 300 2309; x_wconf 84' lang='lat' dir='ltr'><strong>norum</strong></span> <span class='ocrx_word' id='word_1_153' title='bbox 320 2272 383 2311; x_wconf 79' lang='lat' dir='ltr'><strong>ease</strong></span> <span class='ocrx_word' id='word_1_154' title='bbox 403 2254 593 2313; x_wconf 84' lang='lat' dir='ltr'><strong>contendunt.</strong></span> <span class='ocrx_word' id='word_1_155' title='bbox 637 2252 730 2312; x_wconf 87' lang='lat' dir='ltr'><strong>Esto:</strong></span> <span class='ocrx_word' id='word_1_156' title='bbox 753 2270 860 2312; x_wconf 85' lang='lat' dir='ltr'><strong>norum</strong></span> <span class='ocrx_word' id='word_1_157' title='bbox 873 2250 951 2309; x_wconf 88' lang='lat' dir='ltr'><strong>enim</strong></span> <span class='ocrx_word' id='word_1_158' title='bbox 964 2250 1055 2308; x_wconf 88' lang='lat' dir='ltr'><strong>etiam</strong></span> 
     </span>
     <span class='ocr_line' id='line_1_21' title="bbox 109 2342 1054 2428; baseline 0.001 -27"><span class='ocrx_word' id='word_1_159' title='bbox 109 2348 158 2411; x_wconf 81' lang='lat' dir='ltr'><strong>est,</strong></span> <span class='ocrx_word' id='word_1_160' title='bbox 173 2342 326 2406; x_wconf 81' lang='lat' dir='ltr'><strong>imminam</strong></span> <span class='ocrx_word' id='word_1_161' title='bbox 337 2348 393 2409; x_wconf 89' lang='lat' dir='ltr'><strong>hoc</strong></span> <span class='ocrx_word' id='word_1_162' title='bbox 407 2358 495 2428; x_wconf 90' lang='lat' dir='ltr'><strong>pacto</strong></span> <span class='ocrx_word' id='word_1_163' title='bbox 507 2349 692 2428; x_wconf 88' lang='lat' dir='ltr'><strong>delinquere:</strong></span> <span class='ocrx_word' id='word_1_164' title='bbox 716 2348 841 2407; x_wconf 91' lang='lat' dir='ltr'><strong>necdum</strong></span> <span class='ocrx_word' id='word_1_165' title='bbox 862 2347 939 2405; x_wconf 89' lang='lat' dir='ltr'><strong>enim</strong></span> <span class='ocrx_word' id='word_1_166' title='bbox 962 2344 1054 2403; x_wconf 91' lang='lat' dir='ltr'><strong>ullam</strong></span> 
     </span>
     <span class='ocr_line' id='line_1_22' title="bbox 109 2440 891 2523; baseline 0.004 -27"><span class='ocrx_word' id='word_1_167' title='bbox 109 2443 187 2496; x_wconf 76' lang='lat' dir='ltr'><strong>tauta</strong></span> <span class='ocrx_word' id='word_1_168' title='bbox 205 2440 397 2523; x_wconf 82' lang='lat' dir='ltr'><strong>improbitate</strong></span> <span class='ocrx_word' id='word_1_169' title='bbox 412 2444 561 2504; x_wconf 89' lang='lat' dir='ltr'><strong>mulierem</strong></span> <span class='ocrx_word' id='word_1_170' title='bbox 575 2444 643 2503; x_wconf 86' lang='lat' dir='ltr'><strong>urbs</strong></span> <span class='ocrx_word' id='word_1_171' title='bbox 663 2453 762 2503; x_wconf 87' lang='lat' dir='ltr'><strong>nostra</strong></span> <span class='ocrx_word' id='word_1_172' title='bbox 774 2442 891 2501; x_wconf 90' lang='lat' dir='ltr'><strong>tulerat.</strong></span> 
     </span>
    </p>

    <p class='ocr_par' dir='ltr' id='par_1_4' title="bbox 110 2536 1219 4335">
     <span class='ocr_line' id='line_1_23' title="bbox 146 2536 1054 2618; baseline -0.003 -23"><span class='ocrx_word' id='word_1_173' title='bbox 146 2538 194 2591; x_wconf 80' lang='grc'><strong>41.</strong></span> <span class='ocrx_word' id='word_1_174' title='bbox 215 2538 345 2617; x_wconf 85' lang='lat' dir='ltr'><strong>‘Atque</strong></span> <span class='ocrx_word' id='word_1_175' title='bbox 359 2540 471 2599; x_wconf 85' lang='lat' dir='ltr'><strong>utinam</strong></span> <span class='ocrx_word' id='word_1_176' title='bbox 485 2560 521 2599; x_wconf 89' lang='lat' dir='ltr'><strong>ne</strong></span> <span class='ocrx_word' id='word_1_177' title='bbox 535 2560 611 2598; x_wconf 88' lang='lat' dir='ltr'><strong>nunc</strong></span> <span class='ocrx_word' id='word_1_178' title='bbox 625 2539 744 2618; x_wconf 90' lang='lat' dir='ltr'><strong>quidem</strong></span> <span class='ocrx_word' id='word_1_179' title='bbox 757 2556 865 2598; x_wconf 82' lang='lat' dir='ltr'><strong>uorum</strong></span> <span class='ocrx_word' id='word_1_180' title='bbox 884 2536 1054 2614; x_wconf 84' lang='lat' dir='ltr'><strong>exemplum</strong></span> 
     </span>
     <span class='ocr_line' id='line_1_24' title="bbox 110 2630 1053 2714; baseline 0.004 -31"><span class='ocrx_word' id='word_1_181' title='bbox 110 2630 193 2686; x_wconf 80' lang='lat' dir='ltr'><strong>statui</strong></span> <span class='ocrx_word' id='word_1_182' title='bbox 205 2652 283 2711; x_wconf 85' lang='lat' dir='ltr'><strong>opus</strong></span> <span class='ocrx_word' id='word_1_183' title='bbox 295 2635 387 2693; x_wconf 91' lang='lat' dir='ltr'><strong>esset!</strong></span> <span class='ocrx_word' id='word_1_184' title='bbox 411 2634 564 2693; x_wconf 84' lang='lat' dir='ltr'><strong>mallemus</strong></span> <span class='ocrx_word' id='word_1_185' title='bbox 584 2634 715 2714; x_wconf 89' lang='lat' dir='ltr'><strong>proiecto</strong></span> <span class='ocrx_word' id='word_1_186' title='bbox 730 2633 819 2691; x_wconf 90' lang='lat' dir='ltr'><strong>nullis</strong></span> <span class='ocrx_word' id='word_1_187' title='bbox 837 2631 952 2690; x_wconf 86' lang='lat' dir='ltr'><strong>delictis</strong></span> <span class='ocrx_word' id='word_1_188' title='bbox 971 2632 1053 2708; x_wconf 77' lang='lat' dir='ltr'><strong>quie:</strong></span> 
     </span>
     <span class='ocr_line' id='line_1_25' title="bbox 112 2726 1055 2808; baseline -0.002 -23"><span class='ocrx_word' id='word_1_189' title='bbox 112 2726 168 2779; x_wconf 64' lang='lat' dir='ltr'><strong>lam</strong></span> <span class='ocrx_word' id='word_1_190' title='bbox 180 2745 215 2785; x_wconf 90' lang='lat' dir='ltr'><strong>ac</strong></span> <span class='ocrx_word' id='word_1_191' title='bbox 228 2728 324 2787; x_wconf 83' lang='lat' dir='ltr'><strong>veluti</strong></span> <span class='ocrx_word' id='word_1_192' title='bbox 337 2729 485 2789; x_wconf 89' lang='lat' dir='ltr'><strong>conditam</strong></span> <span class='ocrx_word' id='word_1_193' title='bbox 499 2730 597 2807; x_wconf 84' lang='lat' dir='ltr'><strong>legum</strong></span> <span class='ocrx_word' id='word_1_194' title='bbox 619 2730 711 2788; x_wconf 81' lang='lat' dir='ltr'><strong>aciem</strong></span> <span class='ocrx_word' id='word_1_195' title='bbox 726 2729 800 2808; x_wconf 88' lang='lat' dir='ltr'><strong>pati,</strong></span> <span class='ocrx_word' id='word_1_196' title='bbox 814 2746 903 2806; x_wconf 90' lang='lat' dir='ltr'><strong>quam</strong></span> <span class='ocrx_word' id='word_1_197' title='bbox 917 2726 1055 2783; x_wconf 78' lang='lat' dir='ltr'><strong>adversus</strong></span> 
     </span>
     <span class='ocr_line' id='line_1_26' title="bbox 113 2820 1052 2902; baseline 0.001 -27"><span class='ocrx_word' id='word_1_198' title='bbox 113 2830 253 2892; x_wconf 85' lang='lat' dir='ltr'><strong>nocentes,</strong></span> <span class='ocrx_word' id='word_1_199' title='bbox 269 2824 335 2881; x_wconf 90' lang='lat' dir='ltr'><strong>utili</strong></span> <span class='ocrx_word' id='word_1_200' title='bbox 349 2824 479 2902; x_wconf 91' lang='lat' dir='ltr'><strong>quidem,</strong></span> <span class='ocrx_word' id='word_1_201' title='bbox 500 2824 551 2882; x_wconf 83' lang='lat' dir='ltr'><strong>sed</strong></span> <span class='ocrx_word' id='word_1_202' title='bbox 575 2833 672 2883; x_wconf 91' lang='lat' dir='ltr'><strong>tamen</strong></span> <span class='ocrx_word' id='word_1_203' title='bbox 693 2824 812 2893; x_wconf 84' lang='lat' dir='ltr'><strong>ecerbo,</strong></span> <span class='ocrx_word' id='word_1_204' title='bbox 829 2821 923 2899; x_wconf 81' lang='lat' dir='ltr'><strong>rigore</strong></span> <span class='ocrx_word' id='word_1_205' title='bbox 935 2820 1052 2877; x_wconf 90' lang='lat' dir='ltr'><strong>distrin-</strong></span> 
     </span>
     <span class='ocr_line' id='line_1_27' title="bbox 113 2915 1053 2992; baseline 0.002 -23"><span class='ocrx_word' id='word_1_206' title='bbox 113 2930 182 2985; x_wconf 79' lang='lat' dir='ltr'><strong>gere.</strong></span> <span class='ocrx_word' id='word_1_207' title='bbox 224 2918 367 2978; x_wconf 87' lang='lat' dir='ltr'><strong>Ceterum</strong></span> <span class='ocrx_word' id='word_1_208' title='bbox 380 2920 493 2978; x_wconf 85' lang='lat' dir='ltr'><strong>civitati</strong></span> <span class='ocrx_word' id='word_1_209' title='bbox 507 2928 583 2979; x_wconf 82' lang='lat' dir='ltr'><strong>stare</strong></span> <span class='ocrx_word' id='word_1_210' title='bbox 596 2920 705 2979; x_wconf 84' lang='lat' dir='ltr'><strong>volenti</strong></span> <span class='ocrx_word' id='word_1_211' title='bbox 718 2918 881 2978; x_wconf 80' lang='lat' dir='ltr'><strong>necessaria</strong></span> <span class='ocrx_word' id='word_1_212' title='bbox 899 2915 996 2992; x_wconf 85' lang='lat' dir='ltr'><strong>legum</strong></span> <span class='ocrx_word' id='word_1_213' title='bbox 1009 2923 1053 2972; x_wconf 89' lang='lat' dir='ltr'><strong>est</strong></span> 
     </span>
     <span class='ocr_line' id='line_1_28' title="bbox 113 3010 1052 3095; baseline -0.005 -25"><span class='ocrx_word' id='word_1_214' title='bbox 113 3012 255 3073; x_wconf 73' lang='lat' dir='ltr'><strong>custodia:</strong></span> <span class='ocrx_word' id='word_1_215' title='bbox 285 3034 359 3093; x_wconf 85' lang='lat' dir='ltr'><strong>quas</strong></span> <span class='ocrx_word' id='word_1_216' title='bbox 379 3016 480 3095; x_wconf 84' lang='lat' dir='ltr'><strong>utique</strong></span> <span class='ocrx_word' id='word_1_217' title='bbox 501 3016 618 3075; x_wconf 89' lang='lat' dir='ltr'><strong>minime</strong></span> <span class='ocrx_word' id='word_1_218' title='bbox 641 3016 783 3091; x_wconf 81' lang='lat' dir='ltr'><strong>deberent</strong></span> <span class='ocrx_word' id='word_1_219' title='bbox 801 3014 978 3079; x_wconf 83' lang='lat' dir='ltr'><strong>subvertere,</strong></span> <span class='ocrx_word' id='word_1_220' title='bbox 1001 3010 1052 3088; x_wconf 90' lang='lat' dir='ltr'><strong>qui</strong></span> 
     </span>
     <span class='ocr_line' id='line_1_29' title="bbox 113 3102 1050 3191; baseline 0.004 -35"><span class='ocrx_word' id='word_1_221' title='bbox 113 3102 275 3181; x_wconf 72' lang='lat' dir='ltr'><strong>reipublicae</strong></span> <span class='ocrx_word' id='word_1_222' title='bbox 301 3121 407 3169; x_wconf 70' lang='lat' dir='ltr'><strong>nostrae</strong></span> <span class='ocrx_word' id='word_1_223' title='bbox 430 3112 574 3191; x_wconf 85' lang='lat' dir='ltr'><strong>principes</strong></span> <span class='ocrx_word' id='word_1_224' title='bbox 592 3121 622 3169; x_wconf 92' lang='lat' dir='ltr'><strong>et</strong></span> <span class='ocrx_word' id='word_1_225' title='bbox 642 3109 791 3169; x_wconf 90' lang='lat' dir='ltr'><strong>columina</strong></span> <span class='ocrx_word' id='word_1_226' title='bbox 814 3108 917 3165; x_wconf 85' lang='lat' dir='ltr'><strong>baberi</strong></span> <span class='ocrx_word' id='word_1_227' title='bbox 938 3104 1050 3162; x_wconf 87' lang='lat' dir='ltr'><strong>volunt.</strong></span> 
     </span>
     <span class='ocr_line' id='line_1_30' title="bbox 114 3188 1219 3299; baseline -0.003 -39"><span class='ocrx_word' id='word_1_228' title='bbox 114 3194 190 3260; x_wconf 80' lang='lat' dir='ltr'><strong>Quos</strong></span> <span class='ocrx_word' id='word_1_229' title='bbox 201 3204 336 3284; x_wconf 79' lang='lat' dir='ltr'><strong>prosecta</strong></span> <span class='ocrx_word' id='word_1_230' title='bbox 343 3208 419 3283; x_wconf 90' lang='lat' dir='ltr'><strong>juris</strong></span> <span class='ocrx_word' id='word_1_231' title='bbox 439 3209 533 3266; x_wconf 86' lang='lat' dir='ltr'><strong>omnis</strong></span> <span class='ocrx_word' id='word_1_232' title='bbox 550 3206 737 3287; x_wconf 82' lang='lat' dir='ltr'><strong>peritissimos</strong></span> <span class='ocrx_word' id='word_1_233' title='bbox 756 3204 846 3263; x_wconf 87' lang='lat' dir='ltr'><strong>latere</strong></span> <span class='ocrx_word' id='word_1_234' title='bbox 867 3222 925 3260; x_wconf 88' lang='lat' dir='ltr'><strong>non</strong></span> <span class='ocrx_word' id='word_1_235' title='bbox 943 3208 1050 3279; x_wconf 87' lang='lat' dir='ltr'><strong>potest,</strong></span> <span class='ocrx_word' id='word_1_236' title='bbox 1063 3188 1219 3299; x_wconf 37' lang='lat' dir='ltr'><strong>vpslffpdff</strong></span> 
     </span>
     <span class='ocr_line' id='line_1_31' title="bbox 113 3286 1190 3380; baseline -0.006 -23"><span class='ocrx_word' id='word_1_237' title='bbox 113 3309 171 3352; x_wconf 67' lang='lat' dir='ltr'><strong>cum</strong></span> <span class='ocrx_word' id='word_1_238' title='bbox 184 3298 317 3376; x_wconf 87' lang='lat' dir='ltr'><strong>pluribus</strong></span> <span class='ocrx_word' id='word_1_239' title='bbox 330 3302 357 3360; x_wconf 92' lang='lat' dir='ltr'><strong>in</strong></span> <span class='ocrx_word' id='word_1_240' title='bbox 379 3301 491 3379; x_wconf 77' lang='lat' dir='ltr'><strong>legibus</strong></span> <span class='ocrx_word' id='word_1_241' title='bbox 504 3302 585 3360; x_wconf 90' lang='lat' dir='ltr'><strong>nulla</strong></span> <span class='ocrx_word' id='word_1_242' title='bbox 598 3303 636 3361; x_wconf 85' lang='lat' dir='ltr'><strong>sit</strong></span> <span class='ocrx_word' id='word_1_243' title='bbox 653 3319 792 3380; x_wconf 84' lang='lat' dir='ltr'><strong>expressa</strong></span> <span class='ocrx_word' id='word_1_244' title='bbox 804 3298 956 3357; x_wconf 90' lang='lat' dir='ltr'><strong>muliemm</strong></span> <span class='ocrx_word' id='word_1_245' title='bbox 970 3314 1050 3351; x_wconf 91' lang='lat' dir='ltr'><strong>men·</strong></span> <span class='ocrx_word' id='word_1_246' title='bbox 1064 3287 1137 3367; x_wconf 53' lang='lat' dir='ltr'><strong>mis,</strong></span> <span class='ocrx_word' id='word_1_247' title='bbox 1149 3286 1190 3365; x_wconf 68' lang='lat'><strong>10]</strong></span> 
     </span>
     <span class='ocr_line' id='line_1_32' title="bbox 114 3386 1049 3477; baseline -0.015 -17"><span class='ocrx_word' id='word_1_248' title='bbox 114 3386 159 3459; x_wconf 54' lang='grc' dir='ltr'><strong>ἥθ’</strong></span> <span class='ocrx_word' id='word_1_249' title='bbox 179 3397 269 3454; x_wconf 84' lang='lat' dir='ltr'><strong>verbo</strong></span> <span class='ocrx_word' id='word_1_250' title='bbox 282 3400 309 3456; x_wconf 82' lang='lat' dir='ltr'><strong>ri</strong></span> <span class='ocrx_word' id='word_1_251' title='bbox 322 3400 400 3477; x_wconf 79' lang='lat' dir='ltr'><strong>qais,</strong></span> <span class='ocrx_word' id='word_1_252' title='bbox 419 3406 449 3455; x_wconf 89' lang='lat' dir='ltr'><strong>et</strong></span> <span class='ocrx_word' id='word_1_253' title='bbox 470 3396 622 3465; x_wconf 84' lang='lat' dir='ltr'><strong>similibus,</strong></span> <span class='ocrx_word' id='word_1_254' title='bbox 645 3417 701 3455; x_wconf 92' lang='lat' dir='ltr'><strong>non</strong></span> <span class='ocrx_word' id='word_1_255' title='bbox 723 3396 818 3453; x_wconf 84' lang='lat' dir='ltr'><strong>minus</strong></span> <span class='ocrx_word' id='word_1_256' title='bbox 840 3392 922 3451; x_wconf 91' lang='lat' dir='ltr'><strong>illum</strong></span> <span class='ocrx_word' id='word_1_257' title='bbox 935 3409 1049 3458; x_wconf 85' lang='lat' dir='ltr'><strong>sexum,</strong></span> 
     </span>
     <span class='ocr_line' id='line_1_33' title="bbox 113 3485 1049 3569; baseline -0.005 -22"><span class='ocrx_word' id='word_1_258' title='bbox 113 3502 193 3559; x_wconf 80' lang='lat' dir='ltr'><strong>quam</strong></span> <span class='ocrx_word' id='word_1_259' title='bbox 206 3492 399 3551; x_wconf 85' lang='lat' dir='ltr'><strong>masculinum</strong></span> <span class='ocrx_word' id='word_1_260' title='bbox 412 3494 563 3552; x_wconf 85' lang='lat' dir='ltr'><strong>contineri.</strong></span> <span class='ocrx_word' id='word_1_261' title='bbox 595 3492 678 3558; x_wconf 87' lang='lat' dir='ltr'><strong>Quid</strong></span> <span class='ocrx_word' id='word_1_262' title='bbox 694 3492 782 3569; x_wconf 82' lang='lat' dir='ltr'><strong>igitur</strong></span> <span class='ocrx_word' id='word_1_263' title='bbox 794 3490 909 3558; x_wconf 90' lang='lat' dir='ltr'><strong>mirum,</strong></span> <span class='ocrx_word' id='word_1_264' title='bbox 922 3486 946 3545; x_wconf 86' lang='lat' dir='ltr'><strong>si</strong></span> <span class='ocrx_word' id='word_1_265' title='bbox 960 3485 1049 3563; x_wconf 79' lang='lat' dir='ltr'><strong>leges,</strong></span> 
     </span>
     <span class='ocr_line' id='line_1_34' title="bbox 113 3582 1049 3667; baseline -0.002 -26"><span class='ocrx_word' id='word_1_266' title='bbox 113 3598 172 3655; x_wconf 70' lang='lat' dir='ltr'><strong>quar</strong></span> <span class='ocrx_word' id='word_1_267' title='bbox 189 3585 228 3645; x_wconf 92' lang='lat' dir='ltr'><strong>de</strong></span> <span class='ocrx_word' id='word_1_268' title='bbox 242 3590 395 3667; x_wconf 85' lang='lat' dir='ltr'><strong>majestate</strong></span> <span class='ocrx_word' id='word_1_269' title='bbox 409 3589 477 3648; x_wconf 83' lang='lat' dir='ltr'><strong>latae</strong></span> <span class='ocrx_word' id='word_1_270' title='bbox 490 3599 568 3657; x_wconf 87' lang='lat' dir='ltr'><strong>suut,</strong></span> <span class='ocrx_word' id='word_1_271' title='bbox 584 3587 622 3646; x_wconf 86' lang='lat' dir='ltr'><strong>ad</strong></span> <span class='ocrx_word' id='word_1_272' title='bbox 636 3586 778 3649; x_wconf 77' lang='lat' dir='ltr'><strong>utnrmvis</strong></span> <span class='ocrx_word' id='word_1_273' title='bbox 790 3604 892 3643; x_wconf 85' lang='lat' dir='ltr'><strong>sexum</strong></span> <span class='ocrx_word' id='word_1_274' title='bbox 906 3582 1049 3662; x_wconf 84' lang='lat' dir='ltr'><strong>pertinere</strong></span> 
     </span>
     <span class='ocr_line' id='line_1_35' title="bbox 113 3676 1047 3764; baseline 0 -29"><span class='ocrx_word' id='word_1_275' title='bbox 113 3676 259 3751; x_wconf 80' lang='lat' dir='ltr'><strong>eredimus,</strong></span> <span class='ocrx_word' id='word_1_276' title='bbox 279 3704 346 3742; x_wconf 92' lang='lat' dir='ltr'><strong>cum</strong></span> <span class='ocrx_word' id='word_1_277' title='bbox 359 3684 497 3764; x_wconf 86' lang='lat' dir='ltr'><strong>exemplo</strong></span> <span class='ocrx_word' id='word_1_278' title='bbox 510 3684 549 3743; x_wconf 84' lang='lat' dir='ltr'><strong>sit</strong></span> <span class='ocrx_word' id='word_1_279' title='bbox 564 3684 664 3742; x_wconf 71' lang='lat' dir='ltr'><strong>isthac</strong></span> <span class='ocrx_word' id='word_1_280' title='bbox 678 3681 819 3749; x_wconf 78' lang='lat' dir='ltr'><strong>Claudia,</strong></span> <span class='ocrx_word' id='word_1_281' title='bbox 833 3681 871 3739; x_wconf 88' lang='lat' dir='ltr'><strong>ab</strong></span> <span class='ocrx_word' id='word_1_282' title='bbox 885 3680 996 3737; x_wconf 79' lang='lat' dir='ltr'><strong>utrovis</strong></span> <span class='ocrx_word' id='word_1_283' title='bbox 1018 3678 1047 3735; x_wconf 89' lang='lat' dir='ltr'><strong>in</strong></span> 
     </span>
     <span class='ocr_line' id='line_1_36' title="bbox 113 3774 1047 3857; baseline -0.005 -20"><span class='ocrx_word' id='word_1_284' title='bbox 113 3789 157 3831; x_wconf 70' lang='lat' dir='ltr'><strong>eas</strong></span> <span class='ocrx_word' id='word_1_285' title='bbox 169 3780 282 3856; x_wconf 88' lang='lat' dir='ltr'><strong>peccari</strong></span> <span class='ocrx_word' id='word_1_286' title='bbox 297 3780 400 3857; x_wconf 78' lang='lat' dir='ltr'><strong>posse?</strong></span> <span class='ocrx_word' id='word_1_287' title='bbox 422 3779 483 3838; x_wconf 90' lang='lat' dir='ltr'><strong>Sed</strong></span> <span class='ocrx_word' id='word_1_288' title='bbox 496 3780 613 3839; x_wconf 86' lang='lat' dir='ltr'><strong>elevant</strong></span> <span class='ocrx_word' id='word_1_289' title='bbox 624 3778 667 3836; x_wconf 92' lang='lat' dir='ltr'><strong>illi</strong></span> <span class='ocrx_word' id='word_1_290' title='bbox 678 3798 750 3847; x_wconf 91' lang='lat' dir='ltr'><strong>rem,</strong></span> <span class='ocrx_word' id='word_1_291' title='bbox 763 3796 943 3857; x_wconf 81' lang='lat' dir='ltr'><strong>parvumque</strong></span> <span class='ocrx_word' id='word_1_292' title='bbox 956 3774 1047 3833; x_wconf 85' lang='lat' dir='ltr'><strong>videri</strong></span> 
     </span>
     <span class='ocr_line' id='line_1_37' title="bbox 112 3862 1047 3955; baseline 0.006 -29"><span class='ocrx_word' id='word_1_293' title='bbox 112 3862 243 3931; x_wconf 89' lang='lat' dir='ltr'><strong>delictum</strong></span> <span class='ocrx_word' id='word_1_294' title='bbox 257 3874 371 3945; x_wconf 84' lang='lat' dir='ltr'><strong>volunt,</strong></span> <span class='ocrx_word' id='word_1_295' title='bbox 384 3875 463 3953; x_wconf 92' lang='lat' dir='ltr'><strong>quod</strong></span> <span class='ocrx_word' id='word_1_296' title='bbox 478 3875 555 3934; x_wconf 87' lang='lat' dir='ltr'><strong>ultra</strong></span> <span class='ocrx_word' id='word_1_297' title='bbox 565 3876 655 3933; x_wconf 87' lang='lat' dir='ltr'><strong>verba</strong></span> <span class='ocrx_word' id='word_1_298' title='bbox 668 3895 724 3933; x_wconf 92' lang='lat' dir='ltr'><strong>non</strong></span> <span class='ocrx_word' id='word_1_299' title='bbox 739 3874 932 3955; x_wconf 62' lang='lat' dir='ltr'><strong>procemisset.</strong></span> <span class='ocrx_word' id='word_1_300' title='bbox 974 3870 1047 3932; x_wconf 88' lang='lat' dir='ltr'><strong>Hoc</strong></span> 
     </span>
     <span class='ocr_line' id='line_1_38' title="bbox 112 3964 1046 4045; baseline 0.007 -27"><span class='ocrx_word' id='word_1_301' title='bbox 112 3964 178 4025; x_wconf 87' lang='lat' dir='ltr'><strong>enim</strong></span> <span class='ocrx_word' id='word_1_302' title='bbox 192 3970 333 4040; x_wconf 75' lang='lat' dir='ltr'><strong>restabat,</strong></span> <span class='ocrx_word' id='word_1_303' title='bbox 354 3978 387 4028; x_wconf 83' lang='lat' dir='ltr'><strong>ut</strong></span> <span class='ocrx_word' id='word_1_304' title='bbox 407 3978 555 4039; x_wconf 80' lang='lat' dir='ltr'><strong>conatum,</strong></span> <span class='ocrx_word' id='word_1_305' title='bbox 579 3970 717 4040; x_wconf 86' lang='lat' dir='ltr'><strong>studium,</strong></span> <span class='ocrx_word' id='word_1_306' title='bbox 742 3968 823 4027; x_wconf 81' lang='lat' dir='ltr'><strong>lacta</strong></span> <span class='ocrx_word' id='word_1_307' title='bbox 844 3969 1046 4045; x_wconf 75' lang='lat' dir='ltr'><strong>conjungeret,</strong></span> 
     </span>
     <span class='ocr_line' id='line_1_39' title="bbox 111 4062 1048 4134; baseline 0.002 -14"><span class='ocrx_word' id='word_1_308' title='bbox 111 4074 168 4120; x_wconf 74' lang='lat' dir='ltr'><strong>cum</strong></span> <span class='ocrx_word' id='word_1_309' title='bbox 181 4062 286 4123; x_wconf 81' lang='lat' dir='ltr'><strong>Poenis</strong></span> <span class='ocrx_word' id='word_1_310' title='bbox 298 4065 421 4125; x_wconf 82' lang='lat' dir='ltr'><strong>consilia</strong></span> <span class='ocrx_word' id='word_1_311' title='bbox 432 4066 567 4134; x_wconf 87' lang='lat' dir='ltr'><strong>sociaret,</strong></span> <span class='ocrx_word' id='word_1_312' title='bbox 580 4066 757 4125; x_wconf 89' lang='lat' dir='ltr'><strong>centuriaret</strong></span> <span class='ocrx_word' id='word_1_313' title='bbox 769 4064 911 4132; x_wconf 83' lang='lat' dir='ltr'><strong>homines,</strong></span> <span class='ocrx_word' id='word_1_314' title='bbox 922 4074 1048 4122; x_wconf 84' lang='lat' dir='ltr'><strong>armaret</strong></span> 
     </span>
     <span class='ocr_line' id='line_1_40' title="bbox 111 4159 1049 4241; baseline 0 -24"><span class='ocrx_word' id='word_1_315' title='bbox 111 4160 229 4229; x_wconf 79' lang='lat' dir='ltr'><strong>servitia,</strong></span> <span class='ocrx_word' id='word_1_316' title='bbox 251 4170 409 4241; x_wconf 84' lang='lat' dir='ltr'><strong>occuparet</strong></span> <span class='ocrx_word' id='word_1_317' title='bbox 421 4161 613 4241; x_wconf 80' lang='lat' dir='ltr'><strong>Capitolium,</strong></span> <span class='ocrx_word' id='word_1_318' title='bbox 636 4170 667 4219; x_wconf 91' lang='lat' dir='ltr'><strong>et</strong></span> <span class='ocrx_word' id='word_1_319' title='bbox 680 4170 800 4239; x_wconf 86' lang='lat' dir='ltr'><strong>pestem,</strong></span> <span class='ocrx_word' id='word_1_320' title='bbox 825 4180 913 4238; x_wconf 89' lang='lat' dir='ltr'><strong>quam</strong></span> <span class='ocrx_word' id='word_1_321' title='bbox 932 4159 1049 4219; x_wconf 85' lang='lat' dir='ltr'><strong>civibus</strong></span> 
     </span>
     <span class='ocr_line' id='line_1_41' title="bbox 112 4252 933 4335; baseline 0.002 -26"><span class='ocrx_word' id='word_1_322' title='bbox 112 4252 192 4317; x_wconf 80' lang='lat' dir='ltr'><strong>verbo</strong></span> <span class='ocrx_word' id='word_1_323' title='bbox 204 4265 336 4325; x_wconf 81' lang='lat' dir='ltr'><strong>voveret,</strong></span> <span class='ocrx_word' id='word_1_324' title='bbox 350 4277 436 4335; x_wconf 87' lang='lat' dir='ltr'><strong>opere</strong></span> <span class='ocrx_word' id='word_1_325' title='bbox 446 4276 561 4335; x_wconf 87' lang='lat' dir='ltr'><strong>quoque</strong></span> <span class='ocrx_word' id='word_1_326' title='bbox 574 4257 636 4334; x_wconf 82' lang='lat' dir='ltr'><strong>ipso</strong></span> <span class='ocrx_word' id='word_1_327' title='bbox 650 4266 679 4314; x_wconf 90' lang='lat' dir='ltr'><strong>et</strong></span> <span class='ocrx_word' id='word_1_328' title='bbox 693 4276 781 4314; x_wconf 87' lang='lat' dir='ltr'><strong>manu</strong></span> <span class='ocrx_word' id='word_1_329' title='bbox 795 4254 933 4314; x_wconf 78' lang='lat' dir='ltr'><strong>inferret?</strong></span> 
     </span>
    </p>
   </div>
   <div class='ocr_carea' id='block_1_4' title="bbox 0 0 1465 4767">
    <p class='ocr_par' dir='ltr' id='par_1_5' title="bbox 0 0 1465 4767">
     <span class='ocr_line' id='line_1_42' title="bbox 0 0 1465 4767; baseline 0 0"><span class='ocrx_word' id='word_1_330' title='bbox 0 0 1465 4767; x_wconf 95' lang='lat' dir='ltr'><strong> </strong></span> 
     </span>
    </p>
   </div>
  </div>
 </body>
</html>
