2917 4767
502 393 573 444 utu.
597 393 716 443 xxm.
740 393 824 442 oar.
845 377 901 442 43.
1160 377 1246 443 1969

137 538 256 606 laudis
276 543 311 604 el
329 537 467 604 militam
490 557 588 602 suum
610 537 816 621 repleturum
839 555 887 613 se,
901 544 937 600 et
958 543 1051 600 metu
1066 538 1186 620 mucul
1199 539 1244 604 ab

137 641 191 708 iis
213 648 453 707 summoturum
477 641 616 706 hostes.t
661 640 764 719 Quod
786 640 829 704 ad
849 639 976 704 bellum
992 638 1184 704 Romamm
1197 646 1246 705 ut·

139 745 278 822 uiueret,
304 744 336 808 si
360 743 548 808 Trasimeni
571 761 672 826 quam
699 743 845 820 Trebiae,
867 744 896 805 si
919 741 1111 806 Cannarum
1142 761 1244 826 quarn

138 845 335 912 Trasimeni
347 863 459 928 pugna
472 845 618 909 nobilior
633 850 742 924 esset;
765 842 955 908 Cannarum
971 864 1010 908 se
1025 864 1160 928 quoque
1175 865 1245 910 me·

140 948 284 1012 moriam
311 949 486 1013 obscuram
513 946 638 1030 majore
663 953 697 1012 at
721 947 864 1012 clariore
890 946 1032 1012 victoria
1055 947 1243 1013 securum!

141 1046 230 1116 Cum
253 1049 318 1113 boc
339 1067 503 1132 responso
523 1048 785 1133 muneribusque
807 1049 932 1132 amplis
953 1050 1080 1131 legatos
1103 1051 1243 1118 dimisit.

141 1151 239 1235 lpse,
256 1151 416 1235 praesidio
436 1151 572 1216 modico
592 1151 706 1216 relicto
722 1153 755 1214 iu
769 1151 904 1229 Tifatis,
921 1152 1090 1236 proiectus
1104 1159 1243 1217 cetero²

140 1253 297 1320 exercitu
321 1254 368 1317 ire
395 1251 518 1318 Nolam
544 1253 662 1337 pergit.
716 1251 843 1316 Eodem
869 1253 995 1316 Hanno
1020 1273 1065 1317 ex
1090 1254 1244 1332 Bruttiis,

140 1373 222 1420 cum
251 1354 489 1438 supplemento
519 1355 719 1438 Cartbagine
749 1353 893 1419 advecto
919 1360 1020 1438 atque
1046 1356 1243 1439 elephantis,

139 1453 248 1520 venit.
303 1453 454 1520 Castris²
484 1455 573 1520 haud
600 1456 720 1539 procul
748 1455 886 1539 positis,
913 1457 1010 1539 longe
1036 1458 1104 1522 alin
1128 1457 1243 1523 ornuie

140 1555 324 1640 inquirenti
347 1565 518 1640 comperta
543 1564 631 1635 suut,
657 1577 759 1642 quam
785 1579 862 1642 quae
886 1576 906 1622 a
929 1558 1052 1639 legatis
1073 1559 1242 1624 sociorum

141 1657 303 1722 audieret.
348 1656 442 1723 Nihil
469 1660 558 1723 enim
581 1659 764 1724 Marcellus
786 1661 837 1723 ita
859 1661 1009 1740 gerebat,
1032 1667 1070 1724 ut
1096 1669 1154 1724 aut
1175 1660 1243 1724 ior·

138 1765 244 1835 tonte,
265 1768 326 1823 aut
347 1768 469 1825 munere
490 1761 581 1825 hosti
604 1763 820 1825 commissum
844 1760 911 1825 dici
935 1768 1067 1843 posset.
1112 1761 1241 1844 Explo-

138 1866 219 1923 rato
246 1879 321 1924 cum
350 1860 545 1944 firmisque⁴
571 1861 750 1944 praesidiis,
778 1867 852 1926 tuto
880 1868 1029 1945 receptu,
1055 1862 1242 1945 praedatum

138 1962 245 2042 ierat3
267 1964 458 2045 omniaque,
483 1964 575 2028 velot
599 1963 758 2028 adversus
783 1971 982 2047 praesentem
1007 1965 1241 2042 Hannibalem,

138 2071 245 2126 caute
269 2063 471 2146 provisaque
490 2065 666 2128 fuerunt.⁸⁵
709 2065 809 2141 Turn,
824 2065 883 2128 ubi
905 2065 1009 2129 sensit
1028 2065 1161 2130 bostem
1182 2066 1241 2130 ud-

138 2170 285 2234 veatare,
301 2165 417 2246 copias
439 2165 525 2228 iutra
546 2165 671 2230 moenia
690 2167 814 2230 tennite
835 2185 896 2249 per
910 2185 1021 2230 muros
1037 2169 1241 2232 inambulare
1325 2207 1329 2211 -

139 2275 316 2346 senatores
337 2265 373 2330 N
375 2267 492 2329 olanos
509 2265 624 2349 jussit,
648 2272 684 2330 et
705 2267 817 2332 omnia
840 2268 932 2332 circa
954 2269 1143 2352 explorare,
1164 2289 1241 2352 qum

138 2367 234 2449 apud
257 2366 371 2430 hostes
392 2366 518 2432 fierent.
563 2367 618 2432 Ex
640 2367 684 2432 iis
710 2369 846 2446 Hanno,
861 2389 937 2435 cum
953 2370 997 2435 ad
1013 2391 1143 2436 mamm
1165 2391 1241 2436 snc-

138 2469 312 2545 cessisset,
333 2469 536 2533 Herennium
557 2470 703 2534 Bassum
722 2480 757 2537 et
772 2471 910 2536 Herium
927 2472 1099 2550 Patrium,⁶
1113 2473 1154 2536 ud
1170 2473 1241 2537 col·

138 2569 292 2652 loquium
315 2577 477 2635 evocatos
499 2572 734 2654 permissuque
755 2571 908 2636 Marcelli
927 2593 1094 2653 emensos,
1109 2595 1171 2659 per
1191 2577 1241 2638 in-

138 2678 315 2756 terpretem
341 2672 529 2755 alloquitur.
589 2672 794 2736 Hannibalis
819 2673 976 2737 virtutem
1001 2674 1239 2759 fortunamque

138 2774 290 2844 eutoltit:
312 2775 430 2859 populi
450 2771 596 2839 Romani
619 2775 743 2839 obterit
763 2782 987 2838 senescentem
1011 2795 1087 2838 cum
1111 2775 1239 2839 viribus

139 2875 367 2960 majestatem.
411 2881 422 2910 ‘
438 2875 526 2955 Quae
549 2876 579 2939 si
600 2877 697 2959 paria
712 2883 836 2953 esseut,
851 2881 889 2939 ut
902 2877 1070 2959 quondam
1084 2875 1238 2953 luissent,

139 2987 251 3044 temen
271 2979 433 3062 expertis,
447 2997 547 3061 quum
570 2996 672 3060 grave
694 2976 886 3041 Romanum
908 2978 1109 3061 imperium⁰
1124 2978 1239 3056 sociis,

51 3201 55 3208 ,
172 3172 187 3206 t
204 3164 302 3214 Fertur
313 3170 336 3212 et
347 3165 500 3214 militeeraee
512 3166 596 3228 prada
607 3165 742 3230 beruletet,
759 3170 784 3215 et
800 3169 894 3214 cantat
910 3180 927 3213 a
945 3163 1092 3214 Sannitibus
1109 3163 1239 3225 limen,

142 3243 185 3326 με
195 3235 535 3344 Ἑῗιὲἵὶῒιᾜιοῗᾶῆοπω
545 3293 651 3342 erunibus
661 3291 687 3343 ie
697 3291 766 3342 rebus
776 3292 927 3358 adbibererat,
935 3297 1007 3357 atque
1016 3292 1054 3342 ita
1061 3293 1159 3354 pronde
1169 3305 1239 3340 reee-

139 3358 173 3406 tie
182 3362 346 3422 mmai,
359 3363 470 3421 tanquam
480 3359 503 3408 ei
509 3371 614 3420 praem
625 3357 750 3408 Hannibal
759 3357 880 3422 affuisset.

597 3483 673 3504 Olm
676 3483 782 3504 ΙΙΙΙΙΝ

173 3590 185 3634 1
204 3585 280 3649 conj.
293 3587 403 3648 Rupert.
423 3585 577 3634 iudicandam
594 3585 720 3643 abdens.
736 3587 812 3647 pei
828 3583 909 3633 ‘Cane
925 3587 1002 3632 cetero
1021 3579 1088 3629 Edd.
1105 3588 1165 3630 unte
1179 3581 1238 3631 Juc.

139 3651 256 3707 Gronov.
278 3659 375 3713 praeter
395 3650 594 3714 antiquissimas,
619 3650 645 3698 lu
669 3649 762 3713 quibus
784 3650 861 3697 etiem
885 3646 1036 3711 praepositio
1057 3645 1240 3695 desideratur!

139 3713 283 3765 serora-t
301 3715 340 3763 Ibi
350 3716 436 3764 caeru
449 3713 513 3763 Edd.
526 3721 586 3763 ente
598 3713 764 3764 Gronau-«l
775 3715 849 3763 voa.
862 3714 992 3775 Εηὶοωιο
1002 3709 1239 3774 minimisque.-

137 3785 153 3830 b
170 3780 244 3830 ¹l’ro
256 3779 356 3841 semel
373 3779 557 3838 contesserarit
574 3779 712 3842 legendum
731 3792 790 3828 eeee
807 3774 1073 3827 eeneercrevierius!
1088 3775 1239 3833 bearing.-

637 3922 745 3974 NOTAE

169 4028 182 4054 ⁰
199 4019 279 4078 Quane
294 4033 368 4080 moe
390 4019 517 4068 Romen
534 4015 671 4083 imperim]
710 4019 771 4068 ritis
789 4023 819 4067 et
836 4014 945 4065 libidine
964 4013 1159 4076 magistratuum
1179 4022 1238 4076 pro·

136 4097 290 4162 Quanquam
301 4097 351 4146 boe
362 4095 394 4145 eb
408 4096 669 4145 Hennoneltanreuo-
710 4094 856 4144 riueieliurn
869 4099 943 4153 erat3
958 4089 1031 4158 cujus
1050 4091 1088 4139 rei
1106 4089 1239 4152 specimen

138 4187 194 4222 reer
206 4173 281 4222 traete
298 4170 410 4234 dicatur,
421 4185 486 4221 rere
502 4179 589 4221 lernen
606 4169 669 4220 diei·
708 4168 838 4235 ingencia
850 4180 901 4218 uuo
912 4167 996 4216 Verre
1011 4163 1125 4216 ostendit
1136 4165 1239 4218 Cicero.

138 4258 190 4302 tar.
208 4250 243 4301 m
254 4261 334 4314 greve
344 4247 497 4315 plerumque
506 4261 597 4299 revere
608 4259 668 4299 ere·
