2917 4767
472 405 547 456 mn.
571 407 694 476 xxrrn
717 405 800 456 car.
822 391 876 456 48.
1139 390 1226 459 1977

96 545 226 614 diana
242 555 352 616 caetra
374 565 474 634 super
489 549 707 633 Suessulam3
728 551 843 635 ibique
868 551 1016 636 hyberna
1032 551 1239 626 aedificavit.

97 649 172 716 M.
191 650 335 716 Claudio
360 652 554 737 proconsuli
577 655 766 738 imperauit,
781 663 829 732 ut,
851 660 981 718 retento
998 653 1100 718 Nolae
1114 673 1228 721 recces-⁷

101 753 216 816 sario
232 753 450 818 adtuendam
467 757 581 820 urbem
598 754 916 838 praetermeans
935 755 1058 820 milites
1077 754 1228 824 dimittes

99 857 173 916 ret
191 852 349 932 Romam,
364 874 407 918 ne
421 857 514 920 oneri
538 857 644 920 sociis
659 864 696 921 et
716 859 841 922 sumtai
864 857 912 922 rai
931 857 1078 939 publicas
1091 852 1232 924 essene?

103 953 165 1018 Et
191 955 243 1018 Ti.
259 953 433 1022 Gracchus
459 977 481 1022 a
503 958 619 1023 Cumis
639 957 817 1023 Luceriam
840 960 875 1022 in
894 957 1054 1041 Apuliam
1075 957 1229 1038 legiones

104 1061 241 1120 cum¹⁰
255 1055 418 1134 duxisset,
445 1057 494 1122 Μ.
508 1057 684 1122 Valerium
707 1059 785 1124 inde
804 1068 980 1143 praetorem
1001 1059 1229 1134 Brundisium,

105 1171 204 1220 cunr
226 1176 280 1236 eo,
304 1176 403 1241 quem
424 1157 575 1223 Luceriae
595 1158 772 1238 babuerat,
788 1162 938 1226 exercitu
955 1162 1060 1238 misit,
1076 1162 1229 1243 tuerique

107 1275 217 1322 oram
237 1259 307 1340 egri
318 1259 504 1338 Sallentini,
515 1269 549 1324 et
564 1261 752 1344 prouidere,
772 1261 861 1346 qnod
883 1263 928 1327 ad
947 1262 1143 1346 Philippum
1157 1259 1231 1326 bel·

108 1357 264 1441 tumque
278 1359 540 1425 Macedonicum
555 1361 725 1438 attineret,
735 1361 850 1446 jussit.
880 1361 984 1427 Exitu
996 1363 1128 1428 aestatis
1142 1361 1230 1445 ejus,

111 1479 193 1544 qna
214 1461 289 1526 baec
305 1469 400 1542 gesta
421 1463 689 1547 perscripsimus,
702 1464 811 1530 literae
832 1485 854 1530 a
876 1465 919 1530 Ρ.
934 1473 970 1530 et
985 1465 1046 1530 Cn.
1061 1463 1231 1550 Scipioni·

112 1563 191 1626 bns
205 1571 374 1634 uenerunt,
389 1572 535 1648 quantas
551 1585 721 1649 quamque
737 1586 920 1650 prosperas
935 1569 970 1630 in
985 1568 1158 1650 Hispania
1175 1584 1231 1630 res

117 1662 322 1746 gessissent.
353 1666 419 1729 Sed
438 1668 616 1748 pecuniam
632 1666 666 1729 in
677 1668 898 1750 stipendium,
912 1669 1187 1750 vestimentaque,
1198 1675 1233 1730 et

117 1765 325 1830 frumentum
355 1767 533 1844 exercitui,
562 1775 596 1830 et
623 1767 727 1831 sociis
755 1769 934 1833 naualibus
958 1769 1071 1832 omnia
1099 1767 1231 1832 deesse.

121 1865 230 1944 Quod
257 1868 300 1930 ud
324 1867 525 1950 stipendium
550 1871 700 1946 attineat,
727 1870 757 1932 si
780 1871 936 1933 erarium
960 1870 1058 1952 inops
1081 1875 1180 1946 asset,
1195 1888 1234 1931 se

123 1967 278 2050 aliquam
296 1970 457 2034 rationem
479 1969 712 2052 initurusque
728 1971 830 2035 modo
844 1972 887 2034 ab
904 1968 1072 2054 Hispanis
1087 1976 1233 2036 sumant.

123 2067 250 2133 Cetera
264 2071 382 2153 utique
396 2072 440 2133 ab
456 2069 568 2133 llorna
582 2069 743 2134 mittenda
758 2088 855 2135 esse:
874 2089 936 2135 nec
952 2071 1048 2134 aliter
1062 2078 1121 2136 ant
1136 2089 1235 2134 exer·

123 2171 234 2234 citum
262 2179 323 2234 ant
348 2169 555 2255 provinciam
583 2171 741 2234 attineri¹
767 2190 876 2253 posse.
922 2171 1046 2235 Litoris
1072 2171 1233 2247 recitatis,

123 2291 226 2336 nemo
240 2273 387 2336 omnium
403 2278 484 2347 erat,
496 2271 588 2355 quin,
603 2277 636 2336 et
650 2279 752 2337 vera²
767 2274 880 2351 scribi,
893 2281 928 2336 et
939 2271 1106 2356 postulari
1121 2289 1234 2354 aequa,

124 2373 306 2438 fatereturt
331 2373 390 2438 sed
418 2372 615 2438 occurrebat
638 2373 769 2449 anirnis,
794 2380 944 2454 quantos
974 2375 1144 2438 exercitus
1168 2379 1236 2437 tera

127 2480 252 2540 restres
268 2475 472 2560 navalesque
488 2477 667 2550 tuerentur,
684 2481 878 2557 quantaque
901 2493 992 2538 nova
1015 2475 1137 2540 classis
1153 2461 1235 2538 mora

126 2575 281 2658 paranda
294 2581 398 2652 esset,
413 2577 443 2640 si
459 2575 580 2640 bellurn
595 2574 858 2638 Macedonicum
875 2583 1076 2640 moveretur.
1121 2579 1132 2609 ‘
1147 2575 1237 2639 Sici-

126 2676 210 2742 liam
226 2697 266 2744 ac
281 2678 482 2754 Sardiniam,
506 2696 583 2761 qnae
608 2685 687 2740 ante
710 2675 835 2739 bellum
860 2676 1046 2758 vectigales
1068 2677 1236 2748 luissent,¹

161 2993 195 3040 20
212 2989 279 3040 Dara
289 2989 361 3039 ilditi
373 2990 504 3039 multu-1
521 2989 585 3040 'lta
595 2989 685 3053 optimi
697 2989 763 3039 Mar.
776 2987 820 3038 aiii
830 2987 908 3039 terreri
918 2992 946 3036 et
956 2987 1075 3037 suinai:
1091 2997 1180 3036 omnes
1191 2998 1238 3035 an·

128 3061 184 3104 tem
196 3055 264 3105 Edd.
284 3057 400 3104 retineri:
418 3063 583 3118 qnacuncta
598 3055 758 3104 hauddubie
774 3053 915 3103 substituta
928 3052 1003 3101 abiis
1020 3051 1064 3116 qni
1082 3049 1239 3114 ignorabant
1344 3070 1349 3078 ·

129 3120 235 3171 attium
251 3117 304 3168 dici
324 3133 370 3182 pro
392 3120 514 3174 retinere,
535 3122 575 3169 rel
595 3121 673 3182 tueri,
692 3117 843 3169 custodire.'
859 3117 1010 3180 Rupere-aa
1025 3116 1118 3166 ‘Nemo
1135 3115 1240 3165 mim

130 3187 193 3240 mut.
208 3183 251 3248 qai
261 3199 307 3233 noa
317 3189 342 3233 ct
352 3197 417 3234 cero.
435 3184 504 3233 Pali.
515 3194 543 3234 et
556 3185 633 3234 Voss.
649 3185 690 3248 pai
700 3197 743 3234 aec
753 3198 818 3234 cera.
843 3181 944 3246 Optimi
955 3181 1012 3244 pata
1021 3185 1045 3230 et
1056 3195 1122 3245 caru,
1132 3189 1162 3231 ut
1173 3179 1239 3229 vidit

631 3343 738 3394 Nom

164 3435 176 3470 f
191 3437 309 3488 Nonacri
322 3441 394 3490 mita
408 3445 433 3489 et
447 3442 538 3490 mutat
545 3441 581 3490 rei
596 3455 620 3504 p.
632 3453 668 3490 eo·
707 3439 815 3503 siugulis
832 3453 879 3502 pro
897 3439 998 3488 ratione
1013 3451 1105 3487 cenam
1115 3437 1240 3502 imperari

131 3512 197 3580 aeut]
214 3513 380 3566 commeatur
396 3516 494 3580 quippe
512 3525 540 3567 et
555 3515 668 3580 bospiriu
708 3515 799 3576 solita,
815 3523 843 3564 et
855 3527 903 3579 pro
914 3515 1055 3577 stipendio,
1066 3515 1120 3562 rire
1135 3512 1240 3562 militari

132 3588 210 3638 sociis
225 3588 428 3641 incumbebant:
447 3591 593 3654 respublica
604 3605 666 3641 raro
707 3605 771 3651 aare,
782 3591 851 3657 quod
864 3603 911 3655 per
920 3591 1066 3653 stlpes,sen
1079 3589 1241 3639 modicam

131 3670 231 3713 sumtus
256 3665 442 3729 stipendiorum
464 3665 589 3730 faciebat,
608 3683 666 3733 qna
706 3669 897 3732 colligebaturr
914 3667 1110 3732 eoquenornine
1122 3679 1241 3728 compre·

134 3739 606 3791 nonnisimilitantibuaaolvebanturr
620 3757 665 3792 nn·
706 3742 1241 3806 bendebautnrdecnmre,nliaquecollati·

133 3813 166 3863 de
183 3813 475 3865 militandomurusuarn
488 3817 667 3867 revocarier·
708 3833 787 3869 ouum
804 3821 859 3869 sive
877 3829 982 3868 onerum
1003 3818 1114 3866 aomina.
1151 3817 1242 3864 Vectl·

133 3891 373 3952 nunaccipiebaut.
708 3895 779 3956 gelen
803 3895 891 3957 itaque
913 3894 1053 3956 provincie
1078 3889 1242 3954 dicebantur,

166 3966 670 4032 'Quanatcbellamaaectigulnsaisreufl
709 3985 768 4036 qua
789 3970 899 4032 vectigal
922 3969 1086 4031 pendebanr;
1110 3976 1139 4017 ut
1160 3967 1243 4016 tribu·

138 4041 257 4104 Vectigal,
276 4059 292 4092 a
310 4051 417 4094 rectura
435 4043 545 4105 dictum,
563 4045 668 4108 proprie
709 4046 793 4100 toriae,
814 4058 872 4109 qua
894 4043 1027 4105 tributum,
1048 4042 1242 4105 ,stipendiarim

132 4117 239 4181 quidem
258 4120 401 4180 portorium
420 4118 569 4182 significat:
590 4119 668 4168 latina
709 4135 768 4184 quaa
780 4118 948 4183 stipendium,
959 4116 1140 4168 conterebant.
1173 4119 1243 4169 Vide

134 4200 222 4243 tamen
239 4195 370 4255 accipitur
381 4209 429 4259 pru
443 4195 540 4245 tributo
552 4203 581 4245 et
591 4209 670 4258 pecu-
710 4196 801 4259 Sigon.
812 4194 846 4244 de
857 4195 962 4263 antiquo
969 4193 1031 4257 jure
1042 4195 1158 4258 prorius.
1168 4195 1213 4245 lib.
1221 4209 1241 4244 r.

135 4271 187 4323 nia,
209 4269 367 4332 publicarum
386 4271 573 4322 necessitatum
593 4287 671 4322 causa
710 4285 768 4335 cap.
782 4277 805 4321 l.

201 4350 292 4413 urea.
308 4357 333 4401 et
348 4351 406 4402 rar.
418 4351 483 4401 clu.
638 4352 733 4401 Liuias.
1116 4355 1133 4398 o
1149 4350 1174 4400 0
