2917 4767
233 369 321 436 tura
702 385 737 434 r.
760 385 854 438 nrvrr

275 531 329 596 lo.
353 529 512 594 Proelium
526 534 597 593 erat
611 521 760 614 auceps:
782 550 915 597 summa
928 533 963 597 vi
982 537 1015 598 ct
1034 531 1142 600 duces
1158 535 1352 602 hortaban-

232 630 327 708 tur,¹⁶
352 637 387 696 et
410 629 532 696 milites
559 633 763 714 pugnabant.
807 631 994 700 Marcellus
1017 637 1116 701 victis
1143 644 1223 702 ante
1250 640 1350 704 diem

231 735 378 812 tertium,
397 734 521 816 lugetis
541 741 617 798 ante
638 753 771 816 paucos
796 735 870 800 (lies
895 756 918 802 a
937 737 1069 817 camis,
1091 740 1206 823 pulsis
1228 743 1353 826 priore

231 854 319 900 auno
334 837 378 900 ab
393 834 486 899 Nola
500 836 543 900 ab
559 835 677 900 eodem
693 856 730 902 se
745 836 845 916 duce,
860 839 965 904 milite
979 840 1060 919 alio,
1075 843 1204 906 instare
1213 842 1353 927 jubet!

230 936 336 1002 ‘Non
347 956 463 1004 omnes
479 957 555 1003 esse
571 939 604 1002 in
620 939 713 1004 acie:
737 935 930 1022 praedantes
943 943 1060 1024 vagari
1075 944 1110 1006 in
1126 963 1222 1026 agro.
1258 943 1347 1020 Sed,

229 1041 288 1124 qui
310 1047 500 1123 pugnent,¹⁷
523 1057 668 1104 marcere
685 1039 864 1124 Campana
888 1041 1032 1120 luxuria,
1052 1045 1133 1109 vino
1157 1055 1194 1108 et
1215 1046 1346 1110 scortis

229 1141 453 1225 omnibusque
469 1140 604 1205 lustris‘
618 1159 677 1224 per
692 1147 799 1206 totam
812 1140 966 1226 hyemem
981 1143 1166 1208 coniectos.
1207 1144 1344 1210 Abiase

228 1242 323 1308 illam
344 1243 413 1306 vim
434 1243 660 1325 vigoremque,
675 1241 811 1324 dilapsa
832 1259 908 1307 esse
929 1245 1055 1309 robora
1070 1264 1255 1329 corporum
1271 1247 1345 1311 ani·

228 1360 438 1426 morumque,
453 1343 576 1428 quibus
593 1340 750 1425 Pyrenaei
764 1338 973 1427 Alpiumque
987 1353 1146 1428 superata
1161 1347 1234 1412 sint
1241 1347 1341 1431 juga.

228 1441 406 1528 Reliquias
420 1443 554 1508 illorum
576 1442 730 1521 virorum,
745 1443 806 1508 vix
821 1463 916 1510 arma
933 1447 1151 1531 membraque
1165 1450 1342 1512 suatinen-

226 1551 292 1624 tes,
307 1565 465 1630 pugnare.
510 1544 662 1628 Capuam
678 1546 867 1610 Hannibali
879 1545 1017 1612 Cannas
1030 1549 1150 1612 fnisse.
1196 1547 1258 1613 Ibi
1271 1551 1338 1614 vir·

226 1653 332 1713 tutem
356 1647 525 1724 bellicam,
551 1647 599 1712 ibi
623 1648 805 1712 militarem
833 1647 1061 1733 disciplinam,
1091 1651 1139 1714 ibi
1169 1650 1335 1734 proeteriti

225 1749 385 1832 temporis
414 1747 549 1826 famam,
570 1750 619 1814 ibi
642 1768 736 1833 spem
758 1749 864 1814 futuri
889 1751 1100 1817 extinctam}
1143 1751 1235 1817 Cum
1258 1751 1335 1816 baec

225 1849 460 1934 exprobrando
490 1852 582 1916 hosti
607 1850 793 1916 Marcellus
802 1851 829 1892 ¹⁸
858 1871 993 1917 snorum
1022 1851 1168 1917 militnm
1196 1854 1333 1918 animos

224 1953 372 2034 erigeret,
389 1953 563 2018 Hannibal
585 1954 687 2018 multo
706 1953 915 2034 gravioribus
930 1954 1066 2036 probris
1081 1955 1289 2038 increpabat
1299 1961 1334 2020 :¹

224 2050 351 2118 ‘Arma
365 2053 653 2139 signaqueeadem
670 2073 708 2118 se
722 2061 748 2105 ¹⁹
762 2073 920 2130 noscere,
928 2074 1006 2138 qnae
1016 2054 1060 2119 ad
1072 2054 1233 2120 Trebiam
1246 2056 1335 2122 Tra-

223 2155 465 2238 simenumque,
497 2161 668 2239 postremo
695 2154 739 2218 ad
775 2153 912 2220 Cannas
940 2155 1064 2220 viderit
1092 2155 1332 2240 habueritque.

222 2253 367 2320 Militem
392 2256 493 2320 aliurn
519 2255 672 2338 prolecto
698 2275 737 2318 se
758 2256 791 2318 in
812 2255 967 2337 hyberna
989 2257 1143 2338 Capuam
1167 2257 1330 2336 duxisse,

221 2355 324 2420 alium
339 2354 416 2419 iude
430 2357 604 2420 eduxisse.
640 2355 847 2438 legatumne
863 2355 1055 2421 Romanum
1066 2365 1095 2395 ²⁰
1105 2366 1120 2392 ¹
1133 2367 1170 2423 et
1183 2358 1329 2442 legionis

220 2455 320 2520 nnius
343 2467 445 2539 atque
469 2457 533 2522 alm
557 2475 679 2540 magno
707 2458 894 2522 certamine
914 2457 974 2522 vix
999 2458 1151 2533 toleratis
1165 2479 1329 2542 pugnam,

220 2577 307 2644 quos
327 2559 417 2625 binae
433 2559 527 2624 acies
542 2559 737 2626 consulares
757 2578 928 2643 nunqnam
945 2561 1198 2624 sustinueruntl
1231 2560 1329 2626 Mar·

218 2660 338 2739 cellos,
354 2663 458 2726 tirone
475 2662 580 2726 milite
600 2680 641 2726 ac
657 2660 804 2726 Nolanis
820 2661 994 2735 subsidiis,
1009 2660 1138 2724 inultus
1151 2668 1160 2695 ¹
1175 2680 1241 2724 nos
1252 2662 1326 2746 Jarn

219 2762 337 2827 iterum
360 2763 525 2828 lacessiti
571 2761 641 2856 Ubi
663 2761 719 2828 ille
734 2781 828 2828 meus
843 2763 939 2826 miles
954 2766 1018 2839 est,
1035 2762 1094 2845 qui
1110 2769 1229 2846 erepto
1242 2769 1257 2799 ²
1279 2782 1326 2828 ex

219 2883 306 2947 equo
318 2863 358 2929 C.
375 2863 542 2929 Flaminio
556 2864 689 2929 consuli
703 2872 806 2947 capnt
819 2863 982 2928 abstulitt
1005 2863 1074 2940 nbi,
1089 2863 1147 2948 qni
1164 2863 1205 2928 Ι..
1217 2863 1326 2930 Paul·
1457 2872 1458 2903 i

217 2965 287 3032 lum
302 2967 345 3031 ad
362 2967 498 3032 Cannas
514 2967 664 3033 occiditl
709 2965 850 3030 Ferrum
862 2985 951 3030 nunc
967 2963 1111 3030 bebetl³
1133 2983 1179 3028 an
1193 2965 1327 3032 dextre
1457 3016 1458 3021 η

218 3070 379 3152 torpenti
410 3068 558 3153 enquid
583 3067 727 3152 prodigii
749 3072 801 3131 est
823 3066 943 3132 aliudt
988 3065 1058 3144 Qui
1079 3067 1180 3150 pauci
1203 3067 1324 3150 plnres
1457 3092 1458 3151 q

247 3198 258 3231 ⁶
278 3199 399 3248 Hortatur
409 3204 444 3249 ert
455 3198 544 3248 militer
553 3213 614 3254 auor,
630 3205 658 3249 rt
669 3203 782 3260 urgerent
795 3213 835 3247 ror
848 3196 937 3260 bostra,
948 3198 988 3261 qrri
999 3197 1060 3245 oleti
1069 3196 1171 3256 suerat
1181 3203 1239 3247 rate
1248 3199 1324 3249 terrio

217 3265 265 3326 elie,
276 3266 317 3328 qai
327 3271 383 3314 oute
392 3279 479 3328 muros
487 3265 539 3314 dier
548 3263 635 3326 sagati
651 3277 667 3312 c
679 3263 771 3323 corais,
788 3267 813 3312 et
831 3263 873 3326 qai
884 3278 946 3313 earo
957 3262 1077 3327 repertore
1087 3261 1185 3326 reperiri,
1204 3265 1287 3313 eorem
1296 3279 1324 3314 re

216 3331 274 3378 rlree
285 3329 411 3392 Marcello,
421 3330 529 3394 quarrata
540 3343 587 3378 noe
597 3330 627 3378 rb
639 3328 723 3377 iisdem
735 3326 863 3376 militibus.

673 3437 860 3460 Omml

249 3525 280 3570 16
295 3520 452 3571 Aletrium
470 3489 730 3572 cohortabuntur—ll
749 3521 790 3571 ΑΙ.
807 3523 993 3584 pugnare-te
1010 3518 1093 3568 ‘l'ut⁰
1110 3525 1139 3568 et
1156 3518 1218 3567 Pet.
1235 3534 1322 3582 expre-

215 3585 328 3635 brendam
345 3587 406 3634 berti
417 3587 555 3635 Marcellus.
590 3587 681 3646 Forte,
697 3585 858 3650 exprobrent·
869 3585 895 3633 ia
907 3585 996 3633 bostem
1007 3581 1156 3632 Marcellus?
1171 3582 1199 3633 J.
1211 3583 1240 3633 F.
1251 3583 1321 3634 Gro-

214 3655 341 3699 nau—1⁰
357 3651 444 3700 Aiebat
455 3649 515 3700 rud.
527 3649 594 3700 Ede.
606 3657 667 3699 ante
679 3651 859 3702 &onom-20
871 3649 933 3698 Ver.
945 3648 990 3697 lib.
1003 3648 1072 3713 spurt
1082 3647 1173 3710 Sigon.
1185 3647 1275 3708 Legati
1291 3665 1321 3700 ιε
1457 3632 1458 3653 ³

215 3713 375 3764 Romani—l
395 3715 514 3765 Sabridiir
525 3715 609 3774 suitur
621 3715 686 3766 Edd.
698 3725 761 3766 ante
770 3716 935 3765 (imaeve-2
952 3711 1103 3775 ‘suspirari
1119 3711 1204 3776 porris
1213 3713 1321 3777 derepto,
1457 3742 1458 3791 j

709 3829 816 3881 NOTAE

218 3927 536 3992 ,tomunqrrtnrruJ
561 3928 604 3978 lta
620 3928 676 3978 Cic.
696 3941 743 3991 prn
815 3934 827 3960 ¹
852 3923 1010 3975 Gravioribus
1039 3920 1136 3984 probris
1167 3921 1320 3988 burgred]

213 4002 309 4053 Grelinr
328 4003 446 4066 ‘domum
465 4003 490 4053 ln
508 4017 559 4069 qua
575 4005 668 4065 lustra,
684 4002 743 4052 libi·
783 4001 909 4063 Propriae
920 3999 1021 4050 seilicet
1031 3999 1136 4047 militer.

212 4076 562 4140 dinea‚lurrnrlerrerretur.'
579 4081 693 4130 Lustrum
702 4086 743 4129 rrt
814 4083 828 4110 ¹
838 4071 1139 4138 maselinum]
1149 4074 1318 4138 Marcellam,

212 4165 305 4217 ganea,
323 4153 429 4216 popius,
444 4154 501 4205 rive
520 4153 591 4206 incur
608 4153 651 4206 ubi
663 4155 742 4206 borni·
782 4154 827 4220 qul
838 4152 1001 4216 nonromut,
1012 4150 1060 4203 rod
1070 4151 1319 4216 pramrdunraxat.

211 4241 257 4282 uer
268 4228 423 4290 bellaretur.
