2917 4767
259 355 346 428 1736
727 367 762 421 u.
788 365 879 421 nrvrr

259 521 319 586 dia
343 519 392 583 'ad
416 516 600 581 secundam
629 515 760 578 aciem.l
806 514 890 577 Inde
920 515 1066 596 equiturn
1094 521 1264 580 certamen
1293 521 1361 580 erat

259 619 468 704 aliquamdiu
483 637 628 698 ancops;
652 617 738 691 dein,
753 617 833 697 quia
848 616 1024 679 turbabant
1038 635 1141 698 equos
1158 616 1295 699 pedites
1312 617 1362 679 in·

160 711 164 720 ’
260 722 418 796 termixti,
434 719 546 783 moltis
561 718 751 781 labentibus
766 737 810 780 ex
835 717 943 798 equis,
967 722 1023 779 aut
1042 717 1285 794 desilientibus,
1302 720 1361 781 ubl

259 841 342 887 suos
365 821 469 903 premi
494 820 735 883 eimumventos
758 817 929 892 vidissent,
953 816 1027 899 jam
1049 833 1168 896 magna
1193 835 1240 879 ex
1265 827 1362 898 parte

260 924 304 987 ad
332 921 434 1004 pedes
457 937 568 1002 pugna
589 918 740 995 ierat3⁸4
773 917 879 981 donec
905 916 938 979 N
942 916 1075 993 umidae,
1098 917 1156 1000 qui
1183 918 1219 980 in
1250 919 1362 981 corni-

259 1026 325 1087 bus
339 1026 441 1098 erant,
455 1020 671 1084 circumvecti
692 1019 878 1100 paululum,
893 1019 936 1082 ab
959 1023 1049 1099 tergo
1073 1037 1110 1080 se
1130 1017 1361 1082 ostenderunt.

260 1126 299 1189 Is
324 1141 431 1206 pavor
453 1120 593 1203 perculit
616 1119 816 1195 Romanos:
835 1119 998 1200 auxitque
1020 1135 1179 1199 pavorem
1207 1121 1361 1182 consulis

258 1227 391 1300 vulnus,
407 1222 657 1305 periculumque
679 1221 868 1282 intercursu
888 1221 959 1281 tum
979 1218 1122 1300 primum
1139 1219 1362 1300 pubescentis

258 1327 320 1391 tilii
338 1323 580 1408 propulsatum.
625 1321 695 1384 Hie
717 1322 780 1384 erit
799 1320 958 1402 juvenis,⁵
976 1338 1079 1401 penes
1099 1337 1195 1401 quern
1218 1321 1360 1402 perlecti

258 1425 398 1510 hujusce
410 1422 487 1487 belli
502 1423 579 1485 laus
594 1427 659 1496 est,
674 1419 853 1484 Africanus
875 1422 919 1484 ob
936 1421 1100 1502 egregiam
1113 1421 1295 1485 victoriam
1318 1424 1361 1487 de

260 1524 455 1592 Hannibale
467 1523 653 1602 Poenisque
667 1521 870 1603 appellatos.
907 1520 1003 1601 Fuga
1019 1527 1128 1584 tamen
1143 1521 1253 1585 effusa
1258 1523 1360 1605 jacu-

259 1631 401 1693 latorum
429 1623 576 1688 maxima
599 1621 674 1697 fuit,
698 1639 786 1704 quos
809 1622 932 1703 primos
958 1621 1118 1686 Numidae
1147 1624 1360 1688 invaserunt.

260 1730 359 1794 Alios
373 1725 545 1790 contortus
565 1723 731 1806 equitatus
754 1721 922 1784 consulem
945 1722 980 1785 iu
1003 1723 1149 1787 medium
1165 1735 1359 1806 aceeptum,

257 1850 326 1894 nou
341 1827 442 1893 armis
455 1825 570 1901 modo,
592 1823 651 1887 sed
670 1822 769 1887 etiam
791 1824 989 1905 corporibus
1012 1825 1093 1901 suis,
1110 1832 1305 1907 protegene,
1324 1829 1359 1891 in
1451 1877 1452 1886 ,

258 1939 386 2006 eastra,
417 1944 582 2010 nusquam
601 1924 730 2007 trepide
758 1941 867 2006 neque
887 1924 991 1989 effuso
1017 1926 1180 2002 cedendo,
1211 1929 1360 1994 reduxit.
1451 1935 1452 2006 ἲ

259 2033 391 2096 Servati
404 2028 552 2093 consulis
565 2027 668 2090 decus
684 2025 813 2090 Coelius
829 2026 873 2089 ad
894 2043 1026 2090 servum
1046 2028 1182 2091 natione
1199 2029 1359 2110 Ligurem

259 2131 420 2214 delegat!
452 2128 572 2193 Malim
586 2127 742 2209 equidem
758 2125 799 2190 de
813 2126 883 2190 tilio
897 2145 1011 2192 verum
1024 2147 1111 2204 esse,
1124 2129 1215 2210 quod
1231 2137 1266 2194 et
1282 2132 1359 2214 plu·

259 2253 313 2297 res
328 2230 491 2295 tradidere
506 2233 667 2304 auctores,
683 2233 718 2290 et
732 2227 822 2291 fama
833 2227 1000 2292 obtinuit.⁶

302 2334 358 2396 47.
381 2331 461 2392 Hoc
483 2329 716 2411 primumcum
739 2325 931 2414 Hannibale
947 2329 1102 2412 praelium
1118 2330 1201 2410 fuit;
1222 2353 1292 2414 quo
1308 2336 1359 2399 la·

260 2431 326 2497 olle
340 2429 502 2514 apparuit,
523 2433 557 2491 et
577 2429 725 2509 equitatu
746 2429 916 2492 meliorem
939 2430 1083 2495 Poenum
1102 2449 1189 2509 esse,
1203 2441 1239 2496 et
1260 2437 1305 2499 ob
1321 2438 1358 2500 id

260 2551 398 2615 campos
415 2536 576 2613 patentes,
587 2528 704 2611 quales
719 2535 798 2592 sunt
812 2529 899 2594 iuter
915 2527 1049 2595 Padum
1063 2530 1251 2616 Alpesque,
1266 2537 1357 2601 bello

257 2632 408 2717 ‘gerendo
425 2629 591 2694 Romanis
605 2636 708 2710 aptos
722 2649 789 2693 non
805 2649 893 2694 esse.
939 2633 1057 2716 Itaque
1077 2635 1233 2715 proxima
1248 2647 1357 2710 noete,

256 2734 365 2822 jussis
385 2731 548 2795 militibus
568 2748 652 2794 vasa
670 2729 805 2795 silentio
830 2731 1010 2814 colligere:
1033 2742 1145 2798 eastra
1165 2737 1208 2798 ab
1232 2737 1356 2802 Tieino

289 2894 303 2927 δ
318 2895 417 2956 Equites
427 2894 540 2956 plerique,
551 2893 637 2941 ossbse
647 2905 727 2952 ugus
739 2894 851 2954 equestri,
862 2895 999 2944 desilierunt
1011 2897 1041 2945 ud
1049 2900 1127 2957 pedes.

292 2965 303 2990 ⁶
319 2959 400 3005 Metus
411 2959 466 3004 inde
476 2961 599 3016 conseptus
610 2956 730 3003 &meses
741 2957 855 3004 turbauit.

292 3018 306 3052 ⁴
322 3019 444 3069 Audiuit
457 3033 532 3076 seros,
543 3019 584 3080 qui
592 3020 663 3076 gesse
674 3016 762 3075 uigor.

713 3161 760 3181 NJ
761 3159 895 3196 ‘‘‘‘‘

258 3283 307 3329 ⁵-ss
324 3277 394 3328 Olim
409 3274 545 3339 legebatur
560 3282 584 3325 et
598 3280 682 3340 pretio
696 3295 721 3330 se
738 3278 901 3342 expediebat.
934 3279 997 3327 Put.
1012 3284 1039 3328 et
1050 3277 1119 3327 Flor.
1129 3283 1153 3328 et
1163 3280 1195 3328 ud
1210 3282 1323 3344 pretium
1333 3298 1358 3332 se

259 3342 469 3406 amisisse-tt
486 3344 493 3367 ⁸
507 3341 760 3394 Pleoussmumr'ster
769 3341 883 3399 adeda,
891 3343 922 3391 ud
932 3344 1054 3391 reundum
1063 3343 1137 3391 selem
1149 3343 1191 3390 vix
1204 3345 1268 3393 ferri
1281 3361 1357 3408 posse

259 3407 318 3455 dae.
335 3403 480 3454 Gronovius
498 3411 582 3465 putat,
601 3405 646 3456 sed
663 3409 704 3457 vel
722 3407 857 3470 legendnm
875 3421 903 3454 ee
918 3408 1051 3464 secundem,
1069 3407 1109 3454 rel
1126 3421 1183 3456 cum
1202 3409 1262 3456 cod.
1280 3409 1358 3460 Cant.

259 3470 335 3530 plene
353 3467 534 3516 eliminsndum
550 3467 579 3516 rb
593 3469 657 3518 inter
672 3472 787 3520 subsidia.
818 3469 871 3518 Sed
887 3469 1077 3531 distinguuntur
1094 3471 1119 3518 h·
1131 3472 1148 3518 l.
1158 3471 1266 3520 subsidia
1283 3478 1308 3521 et
1321 3487 1358 3522 se·

257 3534 335 3580 tuedo
349 3533 420 3580 acies.
455 3533 516 3591 tiup.
527 3529 571 3579 lib.
585 3547 698 3597 rrr.esp.
710 3539 751 3584 os.
768 3537 864 3596 ‘equas
882 3534 950 3582 iuter
967 3534 1070 3582 ordines
1088 3534 1205 3595 pediturn
1223 3543 1312 3585 tectus
1329 3551 1357 3585 se

260 3594 293 3642 sd
305 3609 384 3656 equos
396 3592 505 3656 recipit!
537 3596 563 3643 Si
574 3597 635 3659 quid
646 3598 827 3648 eliminandum
839 3605 917 3652 esset,
929 3599 1014 3659 potins
1031 3597 1171 3660 abjicerem
1187 3599 1217 3646 eb
1231 3602 1263 3647 ud
1274 3613 1358 3648 uess-

259 3661 313 3707 denr
324 3658 405 3713 odeis,
413 3657 481 3722 quod
493 3661 607 3719 speeiem
618 3663 843 3725 interpretamenti
854 3663 897 3709 τοῦ
906 3662 969 3712 s'ster
980 3661 1085 3710 subsistis
1095 3662 1193 3710 babet!
1210 3663 1356 3712 senen—r

260 3723 308 3770 ‘lu
319 3723 382 3772 lllss.
392 3724 477 3778 eluet,
488 3722 556 3770 unde
568 3722 654 3774 forsan
664 3726 716 3787 leg.
724 3725 838 3776 senmot!
856 3727 965 3788 Rupert.
997 3724 1029 3773 'rb
1040 3732 1134 3774 venerut
1146 3727 1246 3788 recepit
1259 3727 1356 3788 Kreys·

260 3787 397 3849 eigins-5
415 3787 474 3834 ‘ltu
489 3787 579 3848 optimi
597 3790 661 3837 Mes.
678 3804 726 3852 pro
744 3790 813 3852 sulp.
828 3795 889 3852 erut,
902 3789 993 3852 probb.
1006 3789 1086 3838 Gran.
1099 3789 1180 3838 llrrlr.
1191 3797 1218 3838 et
1234 3791 1288 3839 Str.
1300 3797 1357 3839 tsn-

261 3866 336 3915 quem
349 3850 457 3898 vividius
470 3856 496 3897 et
512 3854 673 3914 praecarias,
703 3854 744 3900 nia
756 3855 789 3902 sit
801 3853 887 3902 t'rrturs
900 3867 957 3915 pers
973 3853 1139 3914 narrationis,
1150 3855 1199 3902 etsi
1218 3855 1255 3901 rei
1273 3863 1355 3916 gesta

259 3917 412 3978 preterita,
421 3923 450 3962 ut
461 3929 502 3977 ap.
513 3915 582 3964 Flor.
593 3923 658 3967 rad.
675 3918 683 3944 ‘
722 3919 744 3966 ic
752 3919 803 3966 erit
812 3917 909 3980 Scipio,
918 3918 961 3980 qui
974 3917 1000 3964 ln
1012 3916 1119 3964 exitium
1133 3915 1231 3966 nfrieae
1242 3917 1356 3966 cressit!

262 3979 304 4026 Cf.
316 3995 372 4040 sup.
385 3991 435 4026 vrr.
447 3982 469 4026 1.
480 3991 518 4039 pr.
529 3987 556 4028 et
567 3980 646 4030 Ouid.
655 3981 726 4030 Fest-
739 3995 772 4029 rr.
784 3985 841 4030 ³86.
871 3983 1010 4042 Perpetem
1023 3989 1107 4029 sutem
1119 3981 1220 4030 Stroth.
1226 3981 1356 4042 jungebat

259 4042 404 4099 breinensis
414 4041 544 4101 Afrieertrss
554 4048 684 4107 appellatus
693 4046 748 4094 erit.
783 4045 880 4093 Immo:
892 4043 998 4106 juvenis,
1008 4043 1051 4108 qni
1070 4051 1162 4105 postea
1173 4045 1306 4103 Africanus
1316 4061 1355 4108 ep·

256 4105 359 4168 prltotm
374 4116 421 4153 esr.
455 4105 547 4167 ltaque
560 4110 593 4156 ob
605 4111 726 4170 particip.
739 4109 870 4171 appellatus
885 4119 934 4158 unu
946 4107 1134 4159 restituendum
1145 4111 1214 4172 vulg.
1226 4114 1289 4171 erat,
1302 4123 1355 4158 sus·

261 4168 338 4216 deute
351 4167 440 4218 Doer.'
460 4169 609 4232 lespera-o
624 4174 685 4226 vid.
698 4175 763 4224 Nor.
777 4173 837 4222 Ver.
