2917 4767
209 402 297 474 1422
697 412 733 461 r.
757 410 853 460 nuru

226 586 280 635 le.
296 584 361 649 3953,
372 558 486 631 ιιιιιιιιι,
499 556 610 619 bellum
626 556 792 618 Senonibus
806 555 947 617 indictum
962 564 1024 616 est:
1046 556 1202 635 statimque
1216 555 1319 615 missos

211 665 276 724 ¹¹¹¹.
371 656 443 716 lecit
454 654 594 715 Etruscos
606 653 779 724 Dolabella,
788 652 957 731 magnisque
965 652 1115 712 itineribus
1126 671 1194 711 cum
1207 652 1322 711 exerci-

209 715 344 777 uppusun.
372 760 405 811 tu
431 770 483 830 per
505 749 647 810 Sabinum
668 768 704 809 sc
725 748 872 809 Picenum
894 766 995 825 agrum
1017 746 1056 806 ad
1077 746 1150 807 fines
1170 745 1321 807 Senonum

371 844 530 907 contendit.
574 842 704 905 Senones
730 844 827 903 subito
848 842 973 901 bostium
994 840 1121 912 ιιιιιιιιιι,
1148 850 1180 901 et
1199 841 1321 901 absente

370 940 521 1019 copiarum
541 959 658 999 suarum
673 940 788 1010 robore,
800 958 868 998 cum
884 937 986 1017 paucis
1004 946 1036 996 et
1051 937 1207 997 inconditis
1218 957 1321 997 occur·

371 1044 466 1095 rentes
486 1034 574 1095 facile
595 1034 793 1115 profligantur.
824 1032 936 1093 Consul
949 1032 1030 1092 nullo
1042 1031 1114 1091 duta
1126 1032 1211 1091 victis
1223 1033 1321 1113 spatio

229 1142 361 1253 Dionysius
370 1131 468 1191 exurit
478 1132 570 1202 vicos,
584 1129 711 1190 aedilicia
732 1130 831 1189 omnia
845 1128 946 1198 diruit,
956 1136 1054 1187 vastat
1069 1147 1170 1206 agrum
1184 1145 1319 1187 omnem:

208 1206 326 1319 'ffifl''
369 1223 496 1305 denique
516 1226 675 1306 puberibus
690 1225 804 1294 occisis,
817 1222 929 1282 imbelli
945 1223 1098 1282 mulierum
1113 1232 1145 1281 et
1164 1241 1319 1302 puerorum

284 1304 292 1319 ’
369 1318 705 1390 multitudineabducto,
719 1338 810 1399 quam
824 1316 1240 1399 paucissimapotesthumani
1253 1316 1319 1376 cul·

207 1416 319 1484 Appiam
305 1436 340 1469 ιι.
369 1414 677 1502 tmvestigisinloois
695 1413 843 1493 relinquit
874 1412 1048 1471 Britomaris
1063 1420 1178 1491 captus,
1192 1413 1319 1471 etvario

367 1508 547 1568 cruciatuum
568 1528 673 1587 genere
693 1517 799 1579 tortus,
815 1507 854 1567 ad
875 1507 1053 1587 triumphum
1073 1515 1213 1566 serranu.
1254 1505 1319 1565 Per

216 1612 282 1662 Hirr.
294 1614 355 1663 Mis·
366 1602 484 1663 eosdem
495 1602 559 1663 dies
570 1604 798 1684 haudquaquam
810 1621 876 1683 pan
865 1602 1003 1662 fortuna
1012 1620 1058 1661 res
1070 1600 1149 1682 apud
1165 1601 1319 1661 Arretium

206 1678 293 1807 ‘2⁰35
285 1683 354 1790 {3⁸1¹}
366 1706 465 1776 geste.
509 1699 543 1759 L.
558 1698 698 1759 eusenius
710 1706 817 1779 praetor
829 1705 898 1756 ante
912 1697 1007 1776 ipsuum
1020 1696 1162 1776 oppidum
1178 1715 1247 1755 cum
1260 1696 1317 1757 Se·

205 1808 246 1854 19.
366 1792 490 1852 nonibus
515 1793 702 1873 Etruscisque
723 1793 846 1853 adverso
874 1792 974 1851 Marte
1003 1790 1147 1851 conflixit
1194 1790 1316 1871 Septem

203 1869 339 1992 5¹¹3„ss
323 1870 354 1919 ‘¹⁰
367 1887 475 1947 tribuni
494 1887 631 1958 militum,
644 1888 786 1968 multique
799 1897 942 1967 praeterea
960 1886 1086 1963 insignes
1097 1886 1153 1947 riri
1167 1906 1235 1945 curu
1252 1888 1317 1967 ipso

204 2010 248 2045 ιιι.
261 2002 300 2047 ιι.
367 1990 490 2061 pretore
502 2002 571 2042 cresi
583 1993 664 2045 sunt
686 2004 724 2044 ex
739 1982 902 2062 legionibus
912 1990 945 2041 et
956 1981 1074 2041 auxrlus
1085 1982 1236 2042 hominum
1248 1983 1316 2042 mil-

203 2059 336 2174 gan
294 2076 336 2111 ¹¹
367 2076 409 2135 lia
422 2076 488 2157 plus
500 2078 596 2137 minus
607 2077 748 2138 tredecim
761 2077 935 2137 desiderata.

203 2202 339 2268 uppusun
405 2178 435 2231 8
458 2170 519 2231 Sed
532 2173 626 2232 minor
638 2172 717 2252 apud
733 2171 839 2233 Gallos
851 2173 939 2251 hujus
952 2172 1082 2233 victoriae
1094 2172 1209 2245 lustitia,
1223 2191 1315 2253 quam

365 2266 482 2343 cognito
496 2267 599 2346 patriae
612 2266 729 2327 excidio
744 2266 840 2327 luctus
848 2268 1211 2351 atqueconsternatiofuit.
1234 2268 1316 2331 Gon·

363 2360 464 2421 tractis
477 2362 527 2440 qui
540 2362 649 2440 ubique
659 2380 711 2441 per
720 2361 867 2422 Etruriam
876 2363 1043 2423 militabant
1050 2364 1249 2445 popularibus,
1258 2367 1314 2428 bo·

363 2454 672 2516 minesiraeaodoloris
679 2456 769 2537 pleni
778 2458 1135 2540 consiliispeiqueinopes,
1143 2462 1313 2535 cumsedas,

363 2550 468 2630 quibus
485 2551 690 2630 reciperentur,
712 2552 808 2611 nullas
829 2573 952 2633 usquam
973 2554 1125 2626 baberent,
1142 2557 1226 2635 qnasi
1248 2555 1313 2618 isto

201 2661 274 2775 ΙΕιιι
266 2678 314 2728 op
330 2666 348 2714 l
362 2644 489 2725 quodam
503 2646 541 2705 ad
556 2647 678 2705 exitium
691 2666 741 2706 eos
750 2648 894 2720 nubente,
904 2650 1036 2710 Remum
1043 2652 1181 2730 pergendi
1189 2654 1313 2733 capiunt

361 2743 519 2851 impetum·
555 2752 632 2803 ‘non
657 2742 742 2804 aliter
761 2744 863 2825 pstriae
884 2764 944 2805 suae
970 2748 1166 2806 vastetoribus
1190 2749 1311 2830 rependi

359 2838 453 2897 ricem
468 2856 562 2918 posse,
577 2856 666 2917 quom
679 2858 703 2898 n
695 2839 840 2905 'urbem'
832 2859 958 2920 ipsorum
971 2840 1057 2901 simili
1071 2841 1158 2901 clade
1171 2843 1309 2904 effecum

307 2991 314 3002 ,
359 2932 463 2992 intueri
479 2943 661 3013 cogerentur.
704 2932 816 3015 Neque
834 2936 991 2996 minoribus
1009 2938 1113 2997 snimis
1127 2938 1308 3019 viribusque,

358 3029 454 3089 causis
468 3030 558 3089 etism
573 3030 743 3103 acrioribus,
759 3033 799 3091 ab
812 3030 933 3091 Arretio
951 3031 1080 3092 Romam
1094 3042 1203 3113 petere,
1218 3056 1308 3116 quam

358 3126 483 3203 majores
502 3127 558 3196 sui,
573 3127 612 3186 ab
632 3126 764 3205 ejusdem
780 3126 906 3186 Etmriae
921 3127 1032 3209 oppido
1053 3127 1156 3189 Clusio
1171 3131 1306 3210 proiecti,

357 3220 480 3281 eandem
497 3220 579 3281 illam
600 3224 701 3281 urbem
714 3224 926 3302 occupassent.¹
959 3222 1021 3283 His
1041 3224 1115 3283 iuter
1132 3246 1164 3284 se
1185 3228 1308 3288 vocibus

357 3313 496 3386 instincti,
520 3322 624 3375 ruunt:
660 3325 765 3376 ustura
791 3318 975 3398 impatientes
999 3338 1099 3391 more,
1123 3330 1154 3380 ιι
1176 3328 1250 3395 turn,
1273 3333 1308 3385 ut

194 3416 328 3481 Appianas.
356 3408 488 3470 incautos
502 3408 601 3473 hostes
616 3412 822 3493 opprimerent,
837 3414 925 3473 etiam
944 3414 1066 3475 consilio
1082 3418 1208 3498 properi.
1243 3418 1307 3480 Sed

355 3524 407 3584 per
426 3504 560 3566 hostilem
582 3507 729 3585 regionem
742 3508 916 3569 ducentibus
931 3511 1014 3570 varia
1028 3511 1237 3592 impedimenta
1249 3516 1304 3575 ob-

348 3602 433 3678 jecta
446 3611 530 3662 sunt:
551 3603 735 3684 spatiumque
748 3603 814 3675 fuit,
830 3624 890 3685 quo
908 3604 1053 3686 provideri
1068 3606 1208 3669 adversm
1225 3610 1304 3672 bunc
1325 3618 1338 3635 ·

353 3694 509 3757 tumultum
523 3708 629 3779 posset.

391 3798 421 3852 4.
445 3790 496 3854 Ιιι
515 3794 630 3874 rejecti,
646 3792 717 3856 dum
735 3814 789 3876 per
808 3796 909 3874 ignota
928 3804 960 3856 et
979 3796 1087 3859 infesta
1105 3800 1206 3860 omnis
1217 3800 1305 3864 nulls

350 3896 431 3948 certa
447 3888 642 3951 destinatione
657 3900 812 3969 vagantur,
825 3893 856 3951 ιιι
871 3890 1035 3954 Domitium
1054 3895 1207 3956 consulem
1227 3898 1301 3958 incia

351 3980 443 4042 dunt:
465 3987 654 4068 protinusque
667 4006 735 4048 oum
748 4006 785 4049 so
797 3999 954 4049 consemnt
965 4008 1079 4051 manus.
1115 3990 1177 4051 Sed
1193 3993 1300 4053 sdver-

350 4092 399 4136 rus
422 4080 564 4142 rationem
597 4092 691 4165 atque·
711 4082 898 4166 disciplinam
925 4085 1029 4145 infelix
1055 4088 1205 4147 temeritas
1230 4088 1298 4150 fuit:

351 4170 467 4236 Occisis
478 4176 507 4235 in
521 4178 623 4257 praelio
638 4180 750 4254 multis,
762 4180 878 4261 reliqui,
891 4180 1095 4264 desperatione
1112 4192 1201 4262 atque
1215 4184 1298 4245 rabie
