2917 4767
464 389 539 436 ors.
562 386 649 436 xxr.
673 385 755 434 cnr.
776 371 832 436 57.
1108 369 1193 435 1751

80 551 203 619 neque
223 550 298 616 prae
312 529 416 598 imbri
432 529 517 598 satis
532 527 732 594 decemere⁷
756 534 906 611 possent,
929 528 1082 614 quassis
1098 549 1194 612 opem

83 637 227 713 ferrent,
251 633 464 699 Placentiam
481 637 569 695 recto
583 630 699 694 itinere
716 647 901 713 perrexere.
944 629 1062 696 Plures
1076 632 1197 698 deinde

84 739 126 800 in
150 755 270 802 omnes
288 741 403 820 partes
419 734 616 816 eruptiones
636 731 755 798 factae:
778 739 825 808 et,
848 732 908 815 qui
922 732 1047 798 flumen
1062 737 1196 818 petiere,

86 845 154 903 ant
167 837 360 922 gurgitibus
374 835 521 900 absumti
535 839 626 910 sunt,
648 839 706 898 aut
727 833 813 898 inter
828 835 1076 900 cunctationem
1090 838 1199 918 ingre·

88 939 233 1003 diendi'
258 939 303 1002 ab
321 937 476 1004 hostibus
489 933 656 1020 oppressi.
701 932 771 1012 Qui
791 935 921 1018 passim
936 953 994 1017 per
1009 954 1105 1016 agros
1118 937 1199 1020 luga

89 1043 210 1123 sparsi
225 1045 334 1117 erant,
349 1037 495 1120 vestigia
509 1038 662 1104 cedentis
677 1043 859 1119 soquentes
876 1036 1043 1118 agminis,⁸
1059 1036 1199 1103 Placen·

91 1145 180 1206 tiam
205 1139 415 1206 contendere.
460 1137 551 1204 Aliis
573 1140 674 1205 timor
697 1137 864 1206 hostium·
894 1138 1070 1203 audaciam
1093 1140 1198 1222 ingre·

89 1241 212 1306 diendi
228 1241 354 1306 flumen
374 1240 465 1320 tecit,
488 1241 760 1324 transgressique
783 1239 818 1304 in
840 1247 953 1304 castra
968 1249 1198 1323 pervenerunt.

93 1342 215 1406 Imber
229 1343 308 1406 nire
323 1343 462 1420 mixtus,
486 1349 521 1406 et
541 1340 750 1406 intoleranda
765 1341 816 1406 vis
831 1341 975 1424 frigoris,
1002 1348 1036 1406 et
1049 1341 1200 1408 homines

92 1445 237 1519 multos,
258 1449 292 1508 et
305 1444 470 1528 jumenta,
485 1449 521 1507 et
533 1442 731 1526 elephantos
747 1461 849 1528 prope
871 1461 997 1518 omnes,
1014 1444 1202 1510 absumsit.⁹

95 1545 194 1610 Finis
214 1544 416 1628 insequendi
440 1545 548 1610 hostis
573 1543 692 1610 Poenis
714 1546 833 1610 flumen
855 1543 979 1610 Trebia
1002 1543 1083 1610 tuit:
1106 1553 1142 1610 et
1156 1547 1202 1610 ita

94 1652 271 1729 torpentes
292 1646 371 1728 gelu
393 1645 430 1709 in
453 1655 568 1711 castra
581 1647 719 1725 rediere,
744 1653 782 1712 ut
801 1647 861 1712 vix
876 1646 1028 1711 laetitiarrr
1054 1647 1201 1710 victorine

96 1749 273 1811 sentirent.
317 1746 438 1830 ltaque
463 1753 564 1812 nocte
587 1749 790 1831 insequenti,
814 1765 891 1813 cnm
913 1747 1112 1830 praesidium
1128 1767 1201 1812 cas-

95 1853 266 1925 trorum,¹⁰
287 1854 321 1914 et
344 1849 433 1932 qnod
452 1849 620 1934 reliquum
642 1869 688 1914 ex
706 1867 827 1931 magna
846 1855 940 1932 parte
954 1848 1098 1912 militnm
1122 1855 1201 1926 erat,

98 1950 233 2014 ratibus
246 1949 402 2014 Trebiam
417 1951 620 2034 trajicerent,
640 1957 701 2016 ant
714 1949 797 2014 nihil
812 1969 962 2028 sensere,
987 1949 1204 2032 obstrepente

101 2052 240 2135 plurim
261 2059 332 2127 ant,
356 2052 438 2136 quia
457 2052 530 2135 jam
553 2053 677 2118 moveri
703 2071 772 2136 pree
796 2052 995 2117 lassitudine
1017 2053 1204 2135 nequibant

100 2173 142 2217 ac
159 2152 364 2224 vulneribus,
388 2154 510 2218 sentire
534 2173 611 2220 sese
624 2153 897 2218 dissimularunt:
918 2152 1109 2237 quietisque
1124 2151 1204 2218 Poe·

99 2256 164 2332 nis,
180 2254 288 2318 tacito
298 2254 430 2336 agmine
440 2255 486 2320 ab
497 2255 656 2338 Scipione
666 2254 806 2320 consule
817 2256 986 2320 exercitus
1000 2253 1205 2320 Placentiam

99 2363 153 2419 est
168 2355 371 2438 perductus:
385 2355 464 2419 inde
480 2355 576 2420 Pado
591 2358 752 2440 trajectus
768 2354 989 2435 Cremonam,h
1005 2374 1047 2419 ne
1062 2354 1205 2421 duorum

100 2456 315 2519 exercituum
329 2454 485 2539 hybernis
500 2475 567 2521 una
581 2457 713 2522 colonia
727 2464 942 2540 premeretur.

145 2558 204 2620 57.
227 2556 374 2622 Romam
398 2561 510 2623 tantus
534 2563 634 2622 terror
656 2575 702 2622 ex
725 2557 791 2622 bac
811 2557 908 2622 clade
922 2557 1074 2641 perlatus
1088 2567 1152 2635 est,
1172 2565 1207 2623 nt

96 2657 172 2741 jam
189 2657 233 2721 ad
249 2656 373 2720 Urbem
386 2657 559 2722 crederent
570 2665 595 2696 ¹¹
611 2657 740 2721 infestis
751 2659 854 2740 signis
868 2657 999 2721 hostem
1011 2665 1207 2738 venturum

102 2779 166 2822 nec
182 2760 364 2841 quicquam
378 2759 451 2841 spei
464 2763 523 2821 ant
536 2756 655 2823 auxilii
666 2777 750 2837 esse,
767 2777 835 2841 qno
849 2758 955 2841 portis
970 2759 1207 2839 moenibusque

135 2949 150 2982 5
167 2941 236 2989 Dea
245 2943 388 2988 arctatur
397 2938 598 3003 amalfim.
678 2947 690 2972 ¹
707 2939 791 2988 Metus
800 2937 830 2987 ab
841 2935 947 2988 sorde
958 2936 1047 2984 iltnbm

103 3193 536 3332 mmmm
549 3191 1212 3320 treats-“setriusdesistitis

103 3326 187 3371 dentes
204 3327 324 3385 sequestre
340 3322 503 3383 agminia—9
520 3320 563 3370 ΑΙ.
580 3322 784 3371 σιωπή-10
801 3321 946 3371 ‘Editorer
965 3329 1032 3372 sntt.
1053 3322 1212 3371 Romanorum

104 3387 238 3436 mansere
251 3395 313 3434 ants
322 3392 463 3447 mmm,
473 3392 502 3435 et
514 3399 574 3435 mox
584 3385 657 3434 Poerrr'
669 3392 728 3448 post
738 3400 844 3436 smeret
858 3401 917 3450 quse
929 3400 1013 3442 voces,
1022 3386 1054 3435 sb
1065 3387 1212 3448 interprete

104 3451 230 3513 adjectae,
241 3448 274 3498 ab
284 3450 403 3499 omnibns
413 3448 469 3498 ter·
481 3451 544 3498 Mer.
557 3449 659 3506 absunt,
671 3455 699 3499 et
710 3449 766 3500 sine
778 3449 873 3501 damno
882 3459 929 3500 ant
941 3451 1111 3516 ambignitate
1120 3465 1212 3500 sensus
1230 3497 1233 3502 .

105 3512 282 3563 omittuntur!
298 3514 341 3564 lta
351 3528 385 3562 ex
396 3514 513 3564 Gronov.
523 3521 599 3564 norat
610 3514 722 3576 Rupert.

138 3582 168 3626 ιι
187 3580 197 3608 ⁴
214 3579 249 3626 Ut
259 3577 314 3637 jem
324 3580 356 3626 nd
366 3577 448 3628 ortem
459 3578 701 3632 emesam.
736 3577 862 3630 Quadam
874 3579 1009 3631 rettedd.
1022 3579 1133 3631 Romnrd.
1150 3579 1213 3630 Pur.

604 3707 716 3759 NOTAE

145 3801 158 3836 ¹·
180 3803 335 3871 crearem]
362 3801 579 3868 Antiquissimum
599 3809 641 3852 est
681 3801 831 3854 duxerant:
852 3817 944 3852 nomen
965 3801 1093 3868 hodieque
1116 3803 1214 3851 retinet

107 3877 243 3943 oppidum,
261 3893 277 3927 ι
294 3877 448 3927 Cenomanis
460 3878 542 3928 Gallis
557 3877 641 3941 primo
681 3877 707 3927 in
727 3880 826 3930 ducatu
846 3876 1042 3933 Mediolanensi,
1061 3877 1106 3925 nbi
1125 3878 1145 3924 il
1157 3877 1215 3925 Cre·

107 3953 132 4003 io
152 3952 257 4003 ltaliam
276 3953 407 4008 Celtarum
424 3961 587 4018 transgressu
604 3956 642 4003 in·
681 3967 774 4004 measse
790 3953 823 4002 sd
840 3950 932 4001 iseram
951 3951 1018 4002 Padi
1039 3951 1130 4015 ripam,
1145 3950 1215 4000 inter

108 4037 163 4077 erar
174 4029 225 4078 rici
238 4026 371 4078 conditam
380 4035 452 4077 trans
460 4027 561 4078 Padum
572 4045 579 4078 ι
592 4041 643 4094 qno
683 4043 774 4093 agrum
797 4027 964 4091 Pepiensem,
987 4025 1166 4092 Montanum,
1189 4033 1216 4078 et

109 4103 218 4154 Romani
231 4103 282 4153 boe
300 4105 357 4168 ipro
370 4118 446 4170 anne,
462 4112 493 4155 nt
509 4117 587 4168 sopra
598 4103 644 4153 ob·
684 4105 850 4156 Brixianam.

109 4187 253 4242 serratum,
269 4179 397 4230 coloniam
412 4195 459 4230 rex
480 4179 587 4231 millium
599 4178 644 4229 de-
