2917 4767
202 333 290 402 lois
683 350 718 397 r.
742 348 839 397 nrvrr

365 489 468 550 essue
490 486 611 559 milims,
637 507 689 567 per
713 490 841 568 speciem
864 488 1092 566 negotiatorum,
1120 484 1284 565 Rhegino
1311 484 1346 542 in

366 592 452 665 portu
471 585 592 654 versari,
619 604 671 665 per
696 583 902 662 quoswl'amaiu
928 583 1011 644 illam
1032 583 1166 643 celeriter
1190 581 1258 642 ad:
1271 598 1346 650 eos,

366 680 475 759 quibus
485 680 615 739 maxime
628 698 798 759 persuasum
810 680 867 740 boc
879 688 1011 760 cuperet,
1033 679 1257 760 perventuram
1271 694 1346 735 esne

361 774 531 853 judicabat.
565 773 618 835 Sic
632 776 721 853 igitur
733 774 854 846 eccidit,
868 784 902 835 ut
913 775 1102 855 provideret:
1125 776 1249 855 quippe
1259 790 1343 835 cum

366 870 417 931 die
438 869 520 930 claro
541 872 667 931 neribus
680 872 847 931 conscensis
862 872 954 949 juxta
979 871 1061 931 littus
1087 870 1239 931 Italicum
1265 870 1346 931 vela

366 965 465 1027 facere
471 966 617 1047 cupisset,
631 966 898 1044 Carthaginienses,
911 967 1018 1047 quibus
1024 966 1091 1026 freti
1099 964 1274 1026 claudendi
1284 986 1343 1026 ne-

368 1064 481 1139 gotium
493 1060 595 1122 datum
609 1060 715 1133 iuerat,
728 1081 761 1121 rc
778 1063 878 1122 statim
894 1082 946 1143 per
961 1083 1028 1124 suos
1044 1066 1188 1132 nuntiets,
1205 1060 1341 1121 nullum

161 1218 166 1228 ,
363 1158 430 1235 jem
442 1157 557 1217 hostilis
569 1164 761 1236 musgrenrs
781 1158 944 1239 periculum
965 1158 1191 1237 eme‘reliquum
1203 1158 1342 1217 'existi-

236 1272 240 1278 '
357 1262 494 1324 vurentes,
515 1256 669 1313 trausimm
692 1254 901 1315 incustoditum
921 1254 1069 1325 dimisere,
1090 1273 1150 1333 quc
1173 1272 1341 1333 quemque

370 1347 485 1408 ferebat
497 1351 611 1408 enimus
619 1350 741 1429 dilspsi.
783 1349 979 1428 Consul‚·qni
992 1348 1121 1408 futurum
1133 1349 1190 1408 boc
1202 1350 1342 1427 conjec-

146 1436 152 1451 '
209 1466 294 1517 zm,
372 1452 507 1515 tereret,
518 1464 658 1505 converso
682 1446 737 1505 sub
763 1453 878 1505 noctem
901 1464 997 1514 cursu,
1024 1462 1092 1502 cum
1113 1443 1192 1501 omui
1216 1443 1338 1513 classe,

373 1539 489 1600 nemine
501 1560 554 1620 per
564 1541 701 1601 tenebras
717 1542 882 1601 venientem
894 1540 1078 1611 observante,
1098 1538 1209 1599 nedum
1225 1540 1339 1619 probi·

370 1636 474 1707 -bcutc,
486 1637 517 1695 in
530 1635 666 1697 Siciliam
673 1644 785 1697 rectus·
792 1644 846 1695 cst.

228 1750 317 1817 Polyb.
332 1764 352 1801 1.
415 1736 466 1792 34.
487 1730 602 1791 Audax
615 1731 647 1790 id
658 1738 786 1812 coeptum
798 1739 831 1790 et
842 1730 1011 1811 periculose
1024 1730 1099 1789 alere
1113 1729 1238 1809 plenum
1254 1728 1336 1789 fuit:

214 1822 254 1868 ¹¹·
374 1846 443 1887 curn
465 1827 583 1905 ignarus
602 1828 690 1887 maris
702 1827 849 1887 exercitus
871 1847 924 1907 per
945 1826 1032 1895 bete,
1054 1826 1168 1885 etiamsi
1188 1826 1290 1885 bostis
1303 1834 1336 1884 et

375 1923 504 1983 tenebrre
517 1925 663 1994 abessent,
676 1944 730 1983 suo
747 1923 863 2001 ingenio
877 1920 1046 1991 metuende,
1064 1940 1131 1981 cum
1152 1921 1283 1981 rudibus
1303 1928 1336 1980 et

371 2019 519 2099 imperite·
532 2017 684 2078 fabricatis
706 2018 831 2095 navigiis
851 2028 938 2077 noctu
964 2025 1078 2076 rueret:
1109 2015 1262 2096 digneque
1286 2034 1334 2075 rm

376 2096 537 2197 vise,¹qum
553 2114 643 2172 etiem
663 2112 731 2173 nori
744 2113 924 2191 cognominis
936 2121 1123 2172 monumento
1142 2114 1271 2191 posteris
1287 2112 1334 2169 in·

230 2238 288 2287 30⁰,
297 2239 329 2287 ds
377 2212 556 2268 notesceret:
571 2206 651 2287 qnod
662 2208 740 2267 enim
753 2208 927 2268 csudicariis
939 2208 1063 2267 neribus
1075 2207 1175 2266 multis
1186 2208 1216 2267 in
1231 2217 1332 2267 bane

214 2302 286 2354 Beer.
300 2304 364 2359 *1³⁸2
375 2302 511 2365 vehendo
530 2302 624 2362 milite
649 2322 717 2362 usus
739 2312 824 2373 esset,
847 2302 1040 2362 admiratione
1061 2301 1134 2361 lecti
1158 2302 1332 2362 caudicem

215 2370 289 2415 ⁰⁸¹⁸·
378 2398 460 2457 istius
481 2398 538 2458 teri
557 2398 917 2479 simplicitaseppcllevit.
960 2394 1119 2457 Hactenus
1135 2398 1214 2457 enim
1227 2414 1330 2456 rerum

231 2512 317 2579 Polyb.
327 2530 347 2567 ι,
377 2493 587 2553 maritimorum
604 2492 681 2554 odeo
692 2493 792 2553 nullus
805 2493 949 2553 Romanis
963 2512 1032 2551 usus
1043 2492 1150 2563 lueret,
1162 2503 1195 2551 nt
1210 2494 1252 2552 ed
1270 2493 1330 2552 boc

215 2582 256 2628 ²⁰·
375 2590 452 2649 tenti
476 2591 615 2649 momenti
640 2590 801 2668 negotium,
827 2608 922 2669 neque
944 2597 1053 2665 tentem
1080 2607 1196 2660 nerem,
1227 2606 1329 2669 neque

371 2684 505 2762 longam,
517 2704 555 2742 ue
568 2684 698 2767 lembum
715 2683 836 2761 quidem
856 2702 948 2741 unum
968 2684 1120 2757 heberent,
1133 2684 1185 2743 scd
1200 2684 1331 2745 triremi·

369 2780 515 2859 -bm'quas
526 2778 678 2838 Tarentini
691 2776 837 2856 [merique
845 2795 919 2836 cum
937 2776 1054 2837 Eleutis
1070 2788 1102 2835 et
1115 2778 1328 2858 Neapolitanis

374 2874 561 2935 commodato
586 2872 740 2943 dederant,
764 2882 796 2931 et
816 2870 993 2942 actuariolis,
1020 2890 1087 2952 qum
1112 2873 1330 2953 quinquaginta

374 2989 518 3030 remorum
531 2979 636 3040 essent,
650 2975 811 3029 uterentur.
1064 2986 1066 2993 ’

289 3139 296 3154 Ι
372 3102 377 3113 ·
416 3072 468 3127 at.
490 3065 630 3125 Ceterum
641 3064 771 3145 Appius,
786 3082 854 3123 cunr
872 3060 946 3121 forte
963 3081 1021 3122 nou
1043 3062 1130 3141 longe
1143 3063 1182 3123 ab
1195 3084 1232 3123 co
1245 3064 1325 3135 loco,

376 3162 427 3222 ubi
450 3170 547 3221 cestra
571 3169 656 3221 erant
678 3158 939 3239 Syracusanorum,
964 3159 1135 3238 appulisset,
1155 3160 1326 3221 cohortatus

374 3276 444 3317 suos
454 3266 623 3335 certamque
634 3253 787 3314 victorium
796 3261 959 3325 ostentans,
973 3254 997 3313 si
1011 3254 1073 3315 tale
1085 3254 1157 3314 nibil
1174 3256 1326 3335 suspican-

375 3351 639 3431 tesopprimerent,
651 3348 782 3430 protinus
801 3348 849 3407 udv
862 3347 990 3409 bostium
1009 3350 1207 3430 oppugnanda
1227 3362 1325 3411 castra

376 3447 480 3525 pergit.
515 3444 614 3505 Hiero
625 3444 723 3504 subito
735 3444 864 3504 tumultu
877 3445 1001 3515 excitus,
1015 3455 1046 3505 et
1060 3447 1122 3526 ipse
1136 3456 1239 3506 contra
1250 3446 1324 3507 edu·

375 3541 419 3600 cit
429 3540 530 3620 copias
542 3560 596 3621 pro
607 3548 738 3620 tempore
749 3542 921 3603 inunctus:
936 3540 971 3600 lit
983 3541 1162 3621 aliquamdiu
1175 3550 1324 3601 certamen

376 3656 461 3697 ecre:
482 3635 635 3717 pelluntur
647 3634 781 3695 Ruteni
794 3637 926 3715 equites:
948 3636 1000 3696 sed
1017 3636 1182 3716 legionibus
1202 3636 1324 3697 fortid-

361 3753 424 3793 nte
437 3732 639 3815 praeliantibus
651 3732 777 3793 vincitur
792 3730 899 3803 Hiero,
917 3752 1007 3813 seque
1027 3752 1095 3792 oum
1114 3734 1175 3791 suis
1195 3732 1325 3813 trepidus

230 3859 319 3927 Polyb.
329 3875 349 3908 r.
371 3830 454 3891 intio
465 3828 577 3891 vallum
589 3828 701 3908 recipit
744 3827 863 3908 Appius
883 3827 1003 3908 spoliari
1014 3828 1185 3908 corporibus
1197 3828 1322 3889 bostium

214 3930 255 3977 ll·
373 3927 473 4003 jussis,
488 3926 659 3986 Memeuem
671 3925 771 3994 intret,
786 3924 1038 4004 Mamertinosque
1051 3925 1207 4005 presecutio
1218 3943 1273 3984 sus
1285 3940 1322 3983 ex

215 4052 301 4103 zum,
378 4022 481 4082 timore
512 4041 619 4101 magno
640 4028 784 4081 recreatos
812 4022 874 4100 spei
903 4021 1033 4081 melioris
1065 4021 1177 4100 implet.
1227 4018 1322 4079 Hiero

213 4116 279 4170 Ποῖ·
289 4131 321 4167 ¹1⁴
329 4120 355 4169 ²·
378 4118 488 4179 vietum
508 4136 539 4179 se
560 4116 661 4179 videus
680 4117 850 4199 priusquem
872 4116 993 4180 uidisset
1012 4117 1136 4190 bostem,
1156 4115 1323 4197 (sicutipse
