2917 4767
484 373 555 420 nra.
580 371 699 422 xxm.
720 373 804 422 nar.
824 357 880 422 32.
1137 358 1226 425 loia

97 519 260 592 senatu,
270 521 309 578 ut
320 514 483 582 dnmmta
494 535 609 580 omnes
620 535 663 580 ex
673 516 774 597 agris,
783 525 863 581 ante
875 514 1048 582 Kalendae
1062 517 1086 583 J
1088 520 1188 585 uniae
1197 521 1224 560 ¹⁸

97 611 274 696 primas,¹
289 617 322 680 in
338 617 439 680 urbes
464 619 608 682 munitos
632 618 863 682 conveherent.
904 617 998 697 ‘Qui
1019 638 1085 685 non
1106 621 1225 686 invex-

98 717 225 794 isset,
241 716 314 800 ojue
329 737 367 782 ae
386 737 503 799 agrum
521 720 776 802 populaturum,
790 739 908 784 servos
922 721 987 784 nub
1001 720 1098 786 boatu
1111 722 1226 786 rendi·

99 827 253 896 turum,
268 818 367 884 villae
383 819 617 886 incensurum?
662 819 715 884 No
730 821 930 902 praetoribus
943 822 1090 904 quidem,
1102 825 1160 908 qui
1180 824 1225 888 ad

93 921 166 1003 jus
186 920 374 985 dicendum
388 923 492 986 creati
507 927 611 999 erant,
631 923 770 986 vacatio
785 922 830 986 ab
845 922 924 986 balli
937 923 1226 990 administratione

100 1019 204 1086 data
215 1031 281 1088 est.
302 1021 471 1088 Valerium
483 1029 660 1106 praetorem
671 1025 704 1088 in
714 1023 875 1108 Apuliam
890 1023 939 1088 iro
954 1024 1095 1109 placuit,
1106 1027 1150 1091 ad
1164 1046 1223 1091 ox-

103 1123 313 1188 ereitnma
335 1123 494 1189 Terentio
516 1124 767 1210 accipiendum:
789 1143 865 1188 oum
880 1143 926 1189 ex
942 1126 1061 1191 Sicilia
1073 1127 1225 1209 legionen

103 1224 368 1302 venissemus
387 1226 602 1308 potissimum
617 1227 668 1291 uti
688 1226 733 1290 ad
749 1226 895 1308 regionis
914 1227 990 1310 ojus
1009 1229 1223 1313 praesidinm:

103 1323 363 1391 Terentianum
386 1327 475 1394 mitti
487 1335 513 1378 ¹⁹
536 1345 612 1392 oum
638 1327 754 1411 aliquo
774 1323 994 1409 legatorum.m
1037 1327 1083 1395 Et
1106 1330 1225 1412 viginti

106 1427 275 1510 quinque
293 1447 399 1494 nares
414 1427 466 1494 Μ.
481 1429 619 1494 Valerio
640 1428 729 1494 datm
745 1437 835 1507 sunt,
853 1431 977 1513 quibua
990 1449 1085 1496 oram
1097 1433 1223 1497 mariti·

108 1547 216 1593 mam
230 1529 316 1594 inter
330 1529 569 1596 Brundisium*
584 1551 627 1597 ao
649 1532 852 1597 Tarantnm⁰
866 1533 966 1597 tutari
985 1539 1111 1616 poseat.
1155 1533 1225 1599 Par

108 1631 259 1696 navium
288 1651 443 1698 numeros
466 1631 512 1711 Q.
536 1623 659 1698 Fulvio
685 1633 822 1716 praetori
846 1633 976 1697 urbano
1002 1634 1155 1698 decretus
1178 1633 1223 1699 ad

109 1733 316 1799 suburbana
337 1733 453 1800 littora
474 1735 624 1800 tutando.
669 1733 709 1799 G.
728 1734 892 1798 Terentio
916 1733 1146 1818 proconanli¹⁰
1165 1753 1219 1800 ne·

110 1835 250 1914 gotium
272 1834 401 1912 datum,
417 1844 454 1902 ut
475 1836 511 1900 in
529 1836 659 1902 Piceno
680 1855 761 1919 agro
782 1836 1062 1919 conquisitionem
1081 1837 1222 1903 militnm

584 2031 766 2052 oeoouume

112 2149 200 2194 meato
219 2146 326 2208 cuman,
342 2147 460 2197 dernmta
478 2147 565 2198 ioraan
584 2161 599 2197 e
617 2162 676 2213 eap.
694 2153 736 2201 id.
755 2146 833 2198 extr!
852 2147 1020 2211 Ram-re
1036 2145 1080 2197 ΑΙ.
1096 2147 1222 2197 datiae.-

113 2213 149 2257 19
167 2209 257 2260 ‘Dolo
274 2226 324 2260 non
341 2213 409 2261 orale
428 2213 556 2262 Tarentum
575 2220 636 2262 ante
654 2213 721 2262 mitti
738 2212 868 2262 excidiore
887 2214 1032 2276 anapicainr
1050 2226 1082 2260 ea
1103 2225 1161 2274 cap.
1179 2215 1220 2261 88.

113 2273 213 2322 Malim
225 2281 311 2324 tamen
322 2276 346 2324 le
365 2290 424 2326 eret
445 2277 612 2326 Terentinam
627 2277 693 2326 nanti
708 2293 729 2326 c.
745 2292 769 2326 a.
784 2277 923 2339 Ιιςιιιιιιιι,
939 2281 963 2325 et
981 2276 1070 2326 XXV.
1088 2290 1161 2325 annea
1181 2277 1219 2325 ii.

118 2337 221 2387 Valerio
237 2339 350 2403 dari,qai
409 2347 461 2391 cet.
496 2340 1089 2406 Verbumcertaaaataboptinrialiaa.aneat.
1123 2341 1156 2390 P.
1171 2340 1219 2389 l'a·

114 2401 179 2450 ier-ia
189 2401 309 2467 (Flacco)
319 2405 388 2468 conj.
399 2403 457 2455 Jao·
469 2403 584 2456 Gronov.
616 2405 644 2456 ia
661 2407 763 2468 legatur
778 2403 831 2456 snit
847 2405 976 2468 praitoria,
985 2412 1013 2453 et
1024 2405 1100 2454 eleari
1110 2403 1219 2467 prefec-

115 2473 172 2515 tna.
197 2465 239 2516 Ci.
256 2482 279 2518 c.
290 2471 330 2518 lti.
341 2471 382 2518 id.
394 2472 436 2518 ti.
447 2477 475 2518 et
487 2482 566 2520 xxva.
578 2473 602 2519 8.
636 2469 689 2520 Sed
700 2470 816 2533 irrigata
834 2471 897 2520 lect.
914 2476 967 2519 turn
985 2469 1036 2519 alia
1052 2468 1152 2528 tarent,
1163 2478 1218 2518 tom

116 2531 200 2579 verba
221 2545 295 2596 aeqq.
309 2535 317 2561 ⁶
329 2547 376 2594 par
391 2533 495 2582 uariam
516 2547 638 2583 uumerus
658 2535 692 2584 Q.
715 2534 808 2583 Fuiriu
829 2534 937 2597 praetori
959 2533 1057 2582 urbano
1077 2532 1219 2582 deminae

114 2595 192 2642 Bene
210 2603 294 2644 antem
315 2597 402 2646 Livius
423 2599 532 2658 primurn
549 2597 635 2659 simpl.
659 2597 779 2646 Valeriana
796 2597 873 2658 dixit,
884 2597 944 2660 qnia
962 2596 1061 2659 adjecit
1076 2603 1220 2659 protutor,-

115 2673 189 2708 nunc
208 2661 245 2709 dl.
261 2660 389 2724 Valeriana,
406 2671 435 2710 nt
456 2677 471 2711 a
489 2661 521 2710 P.
534 2661 641 2710 Valerio
656 2661 743 2724 iegato
754 2660 947 2725 diatingnatnrl
965 2661 1130 2724 Rapere-2⁰
1147 2659 1219 2709 ‘llic

115 2737 228 2838 gurm
241 2725 363 2776 Cantaba.
384 2726 455 2776 clare
468 2726 613 2788 ριοωιιιιιὶι,
632 2731 662 2776 nt
678 2725 756 2789 paulo
775 2733 837 2776 ante
853 2725 970 2776 medlo
990 2723 1143 2787 Μαικία(
1159 2724 1219 2775 lac.

611 2899 724 2953 NOTAE

152 2997 159 3032 ¹
183 2999 249 3050 date
277 3001 400 3052 Kolenda·
430 2999 520 3051 daaiaa
546 2999 649 3066 priam]
688 2999 793 3050 inerant
804 3001 830 3050 in
847 2999 973 3063 Siciliam,
992 3005 1021 3050 ut
1036 2999 1084 3049 aul>
1096 2999 1218 3064 anapieiia

118 3075 181 3124 Fuit
191 3075 314 3142 loquendi
328 3077 439 3128 formula
450 3077 476 3124 in
488 3073 547 3126 iuro
557 3089 648 3140 recap-
689 3075 760 3142 lipp.
772 3075 875 3127 Claudii
886 3076 1006 3140 praetoria
1016 3076 1052 3126 ibl
1064 3075 1217 3127 militarent.

118 3157 158 3208 ta,
176 3164 209 3200 ne
221 3151 254 3200 de
271 3151 364 3216 quibua
375 3149 498 3201 Kalendia
510 3157 596 3200 autom
607 3163 648 3199 ea·
689 3153 725 3202 Et
740 3166 764 3203 c.
779 3157 821 3203 ae.
840 3153 938 3215 legitur
954 3153 988 3202 iia
1007 3152 1143 3218 pruiulaaa
1164 3152 1218 3202 Ta·

117 3235 159 3276 ret
170 3226 364 3289 ambigeretur:
381 3227 443 3276 aatia
459 3233 545 3276 tannen
561 3239 650 3289 anper·
689 3227 759 3277 renti
771 3228 802 3276 Ι..
818 3225 945 3292 Apnatiua
955 3227 1070 3289 legatum
1088 3226 1131 3278 obi
1145 3236 1217 3291 port·

119 3315 226 3351 vacuum
241 3301 343 3352 ridetur
354 3301 395 3352 lrie
411 3300 442 3350 ri
450 3301 550 3366 prinae.
583 3301 648 3354 Quia
689 3318 721 3354 ea
730 3305 845 3368 lnrpoaiti
858 3306 884 3354 ln
895 3317 974 3354 aarea
981 3304 1013 3354 Ρ.
1022 3305 1130 3354 Valerio
1139 3318 1216 3369 paro·

118 3377 187 3428 enirn
199 3377 224 3427 id
234 3378 281 3428 nial
293 3378 326 3428 de
339 3378 463 3442 proximi·
472 3377 598 3428 Kaleudir
609 3378 647 3428 in·
688 3389 775 3432 erunt.

119 3453 237 3517 telligat?
720 3465 733 3492 ¹²
750 3456 919 3522 Braadiar'aar]
936 3458 1005 3508 Urba
1015 3455 1074 3513 init,
1085 3464 1112 3505 et
1124 3463 1217 3519 portua

150 3540 168 3568 ¹
187 3533 353 3584 Terentianum
363 3533 485 3583 naittiaara
495 3531 573 3598 ulique
582 3535 646 3596 legn-
687 3533 780 3583 nobilia
791 3534 817 3582 in
826 3531 947 3584 Calabria
956 3533 1048 3594 reteri,
1059 3530 1127 3582 unda
1137 3546 1216 3596 praa·

70 3669 75 3676 ι
117 3610 208 3674 tuan]
239 3610 322 3660 Recte
343 3609 463 3673 Sigonius
481 3609 648 3660 Terentium
685 3609 752 3659 iruna
779 3611 806 3659 in
833 3609 940 3673 Epirum
966 3610 1102 3674 trajector.
1142 3608 1215 3658 ilod.

118 3684 199 3736 refert
211 3687 244 3735 ad
255 3687 400 3737 maian:
418 3687 487 3751 qood
505 3699 597 3736 nomen
614 3701 646 3736 aa
685 3685 798 3736 Briadial
812 3686 839 3733 in
859 3685 993 3749 provincia
1005 3683 1078 3746 requi
1090 3682 1217 3745 Neapoli·

116 3763 243 3828 anperiorl
254 3763 368 3814 membro
378 3763 484 3827 repetit.
509 3761 646 3813 Terentia·
687 3763 753 3824 tani,
763 3761 804 3811 cni
819 3759 853 3809 ab
871 3759 1010 3824 Hydrunte
1026 3771 1128 3813 nomen,
1140 3759 1215 3821 rnlgo

117 3846 259 3890 nouantem
272 3840 412 3896 exercitur,
427 3853 473 3889 aen
489 3838 646 3888 varroniani
687 3837 907 3888 l'errnd'otrnata.

117 3915 223 3972 militer.
236 3924 264 3966 ut
281 3923 372 3979 poaiea
384 3920 519 3971 rorantur.
534 3914 553 3963 ii
570 3920 646 3965 arant
717 3922 730 3948 ⁰
745 3912 784 3962 Ae
805 3909 945 3974 Tmen]
962 3910 1028 3960 Hac
1051 3908 1213 3959 metamo-

116 3992 210 4056 quibua
227 3991 253 4040 io
266 3990 361 4056 Apulia
379 3997 489 4055 praerat
500 3989 531 4040 C.
547 3988 645 4040 Teren·
686 3991 787 4039 nioman
806 3988 832 4036 lu
852 3987 993 4037 Salentlnla
1010 3983 1120 4041 colonia,
1136 3991 1214 4047 portu

117 4075 168 4138 pua
181 4067 264 4115 Varro
281 4068 380 4116 conam.
412 4066 436 4116 li
452 4079 569 4129 magnam
588 4079 645 4128 par·
685 4077 788 4130 quoque
797 4077 845 4113 auo
856 4063 955 4124 nobilia,
963 4061 1045 4111 adirnc
1056 4060 1159 4109 i'waato
1168 4075 1213 4126 ap·

117 4151 170 4192 teni
186 4157 219 4192 ea
232 4142 347 4207 reliquiia
363 4149 438 4192 eraut
448 4141 590 4192 Canneoaia
601 4156 647 4192 ex·
686 4141 799 4206 pellatur
809 4139 836 4189 in
851 4136 943 4189 eadem
955 4132 1179 4188 i'errnd’Otraato·

118 4219 223 4281 ercinia,
232 4226 262 4268 ut
269 4211 379 4269 liabetur
385 4232 409 4269 e.
420 4216 646 4286 interemitque
