2917 4767
205 736 1122 884 SUPPLEMENTUM

535 1054 672 1121 LIBRI
703 1055 816 1123 XIII.

459 1306 897 1387 HISTORIARUM

282 1545 347 1631 Τ.
400 1545 602 1635 LIVII
654 1549 1060 1642 PATAVINI.

122 1982 151 2033 1.
173 1947 348 2038 Inrsaun
365 1980 474 2039 Rome
494 1990 577 2062 parte
589 1980 740 2059 copiarum
753 1978 793 2038 ad
812 1976 980 2059 presidium
993 1981 1073 2039 urbis

118 2080 149 2129 et
161 2070 290 2133 incertos
301 2075 374 2133 belii
387 2096 472 2135 casus
484 2084 606 2146 retenta,
630 2074 713 2133 novis
724 2073 914 2133 oonsulibua'
925 2074 1072 2134 exercitus

120 2176 149 2225 et
168 2170 334 2247 provincie
354 2170 432 2231 datae
445 2180 532 2231 sunt:
546 2170 587 2230 P.
602 2168 727 2229 Valerio
741 2168 863 2228 Laevino
875 2166 1028 2227 Tarentini
1041 2178 1073 2230 et

121 2261 270 2341 Pyrrhus,
277 2264 328 2325 Ti.
340 2264 527 2327 Coruncanio
536 2266 652 2325 Etrusci
658 2264 730 2323 beili
740 2264 871 2343 reliquie
879 2266 1069 2325 obvenerunt.

123 2355 263 2447 laevinus
275 2362 465 2439 magnificum
484 2360 523 2421 ed
541 2361 651 2421 samam
664 2368 694 2418 et
705 2368 842 2419 terrorem
854 2369 945 2431 ratris,
958 2360 1072 2420 hostem
1082 2353 1192 2405 ΖΜΝ·

123 2472 183 2511 ase
196 2454 368 2515 lacensium
381 2455 491 2525 videri;
506 2456 592 2516 simul
605 2453 676 2513 utile
689 2454 816 2524 civitati,
829 2454 854 2512 si
867 2454 1072 2533 quamlongis-

125 2548 277 2609 simebelii
285 2560 393 2611 metum
402 2549 625 2613 etiucommoda
633 2548 901 2627 abegroRomnuo
911 2551 1072 2621 avertisset,

124 2644 279 2704 confestim
287 2648 318 2705 iu
330 2646 491 2707 Lucaniam
506 2655 586 2707 moto
595 2646 738 2715 exercitu,
746 2644 899 2704 castellum
908 2654 1072 2725 opportuno

126 2739 181 2798 situ
195 2742 335 2821 operibus
347 2741 533 2822 permunivit,
546 2739 646 2800 valido
659 2739 796 2821 praesidio
810 2740 959 2819 imposito,
972 2760 1031 2817 quo
1043 2750 1075 2801 et
1094 2730 1099 2737 ’

129 2833 241 2913 Pyrrhi
262 2847 361 2917 coepte
384 2834 579 2907 tardarentur,
604 2844 635 2895 et
659 2836 786 2906 Lucani,
806 2853 929 2912 quorum
951 2833 1076 2915 perfidia

132 2930 296 3002 timebatur,
317 2931 357 2991 ad
376 2932 488 2991 hostem
508 2952 567 2992 uon
588 2930 727 2990 auderent
747 2930 917 2989 desciscere.
958 2929 1075 2991 Audito
1100 2925 1201 2975 Pincia

135 3022 265 3086 Romani
277 3026 407 3087 consulis
420 3026 558 3097 adventu,
573 3026 718 3107 Pyrrhus,
733 3044 903 3105 quanquam
915 3025 987 3084 socii
1000 3045 1073 3084 uon·
1087 2991 1185 3056 ΨΜ
1196 2993 1238 3041 ⁸⁴*

133 3120 200 3180 dum
213 3133 420 3195 couvenerant,
441 3132 524 3203 turpe
545 3123 643 3182 sibiet
659 3120 894 3181 detrimentosum
913 3117 976 3177 sore
991 3119 1075 3197 judi·

130 3237 211 3286 cans,
235 3220 260 3277 si
284 3218 358 3278 inter
380 3219 538 3299 primordia
555 3217 626 3277 belli
642 3214 805 3276 formidinis
824 3213 964 3274 indicium
984 3212 1077 3274 ullum

132 3312 281 3384 edidisset,
300 3334 368 3374 cum
385 3316 489 3395 copiis,
512 3333 579 3393 que
600 3312 734 3387 aderant,
748 3312 948 3373 incunctanter
960 3310 1077 3371 obviam

132 3428 298 3486 progressus
313 3419 365 3469 est.
406 3470 408 3475 .

171 3504 204 3567 2.
228 3506 276 3565 Ut
294 3515 392 3565 tamen
415 3525 467 3584 per
487 3522 605 3564 causam
628 3502 758 3581 aliquam
779 3504 930 3563 honestam
951 3503 1080 3563 traheret

134 3604 295 3683 negotium,
315 3600 539 3661 caduceatorem
559 3600 638 3659 misit
658 3620 725 3659 cum
747 3599 848 3670 literis,
870 3619 991 3677 quamm
1013 3599 1077 3658 haec
1089 3601 1171 3650 lontr-

135 3700 280 3759 sententia
291 3696 367 3756 suit:
389 3694 479 3757 ‘Rex
493 3696 629 3775 Pyrrhus
642 3694 763 3756 Laevino
771 3696 905 3756 salutem.
932 3692 1035 3753 Audio
1048 3701 1078 3751 te

137 3804 238 3854 contra
254 3794 432 3853 Tarentinos
443 3792 542 3852 venire
559 3812 627 3851 cum
645 3792 784 3851 exercitu.
826 3790 886 3849 Sed
898 3811 934 3848 eo
947 3789 1078 3857 dimisso,

9 3935 10 3975 3
136 3909 201 3949 cum
228 3890 332 3967 paucis
353 3885 392 3946 ed
412 3908 458 3946 me
478 3887 586 3947 venito.
628 3886 728 3947 Canae
750 3889 827 3947 euim
849 3886 978 3961 cognita,
1000 3881 1080 3961 quod
1157 3932 1161 3940 .

136 3983 242 4071 alteros
255 3984 357 4043 alteris
365 3991 501 4063 prestare
511 3980 1080 4060 aequumerit,etiamnolentespraestare

407 4132 419 4158 '
435 4124 468 4177 Α.
478 4125 513 4178 U.
525 4126 622 4177 (hm.
638 4123 671 4175 Α.
682 4125 781 4176 (1.280.
