2917 4767
408 380 514 430 niani
540 380 611 430 xri.
632 379 956 431 suerasununuu.
1163 366 1249 433 14³1

104 530 224 591 breuis
237 531 267 589 in
282 526 421 589 Siciliam
434 529 574 607 trajectus
586 527 754 587 ostentabat
765 524 900 597 instalum
908 525 1086 604 Agathoclis

108 627 227 687 excisa
238 625 344 693 domo,
358 643 486 685 muam
498 631 529 683 at
547 621 727 682 discordem:
748 641 839 701 quam
857 623 949 681 etiam
961 622 1085 683 beredi-

109 721 292 798 tariojune,
309 719 393 799 quod
406 740 446 779 ex
460 719 590 779 Laeana
602 716 666 777 filia
678 716 856 795 Agathoclis
869 716 975 779 liberos
986 738 1083 779 musae·

112 825 218 895 perat,
232 836 300 875 suae
320 816 423 875 domui
438 834 521 894 posse
542 813 685 873 vindicari
704 814 832 873 rebatur.
874 812 938 873 His
955 834 995 875 ex
1017 835 1082 875 aen·

113 912 218 971 tantia
232 910 381 971 conlectis
396 909 605 987 Carthaginem
617 907 696 970 bello
708 918 772 968 erat
783 909 934 988 petiturus.

160 1014 217 1067 19.
241 1006 342 1065 Fama
361 1014 407 1064 est
425 1005 560 1074 Cineam,
574 1005 887 1084 prestantisapientia
905 1006 1009 1077 virum,
1022 1027 1082 1085 quo

117 1101 303 1163 immodicas
324 1101 401 1178 regis
415 1099 602 1178 cupiditates,
618 1110 808 1180 paratamque
820 1100 992 1161 felicitatem
1007 1122 1081 1181 prae·

117 1196 260 1255 sentibus
273 1197 351 1255 bene
364 1194 464 1254 uendi
477 1196 652 1265 turbaturus,
665 1196 756 1275 ipsius
770 1215 887 1275 quoque
902 1195 1082 1257 conimioaa

118 1291 308 1351 miscendas
324 1310 387 1349 esse
403 1289 578 1359 ostenderat,
595 1289 686 1368 ‘quid
697 1288 822 1349 devietis
838 1288 982 1351 Romania
994 1311 1080 1370 agero

117 1386 348 1455 eonstituisset,'
368 1384 567 1462 interrogasse.
608 1384 712 1464 Atque
733 1384 786 1446 ille
804 1385 926 1446 subinde
947 1386 1022 1447 alias
1040 1406 1080 1447 ex
1153 1449 1155 1462 ,

118 1477 194 1539 aliis
218 1480 361 1539 victorias
383 1480 543 1549 nascituras
567 1498 628 1539 csse
653 1478 879 1551 demonstrante,
903 1482 1079 1561 subjecisse:

68 1637 73 1645 ,
120 1584 130 1609 ⁴
142 1574 231 1641 Quid
245 1575 336 1652 igitur
347 1574 490 1635 confectis
501 1574 563 1635 istis
572 1575 705 1635 omnibus
716 1576 810 1636 acutri
821 1576 956 1637 sumusl'
982 1586 991 1613 ‘
1002 1576 1081 1639 Tun

119 1689 195 1729 sero
210 1670 296 1749 pacis
308 1678 340 1728 et
352 1669 405 1729 etii
419 1669 503 1731 bonis
519 1669 632 1729 affatim
643 1670 796 1731 lruitoros'
811 1672 1014 1752 mandente,
1026 1694 1080 1734 ox-

119 1764 240 1843 eepisse
254 1764 401 1823 Cineam:
423 1763 526 1829 ‘Qud
540 1764 627 1842 igitur
633 1773 727 1835 vetat,
740 1786 760 1825 e
771 1786 836 1837 rex,
849 1768 919 1845 quin
931 1768 1031 1829 statim
1044 1771 1080 1831 iis

121 1856 271 1928 staamm,
284 1878 351 1917 oum
368 1867 473 1937 presto
488 1859 562 1928 sint;
585 1860 668 1919 novis
680 1870 779 1920 autem
790 1860 878 1923 bellis
888 1864 1079 1943 suscipiendis

122 1954 276 2032 eorrumpi
288 1954 402 2032 penitus
415 1952 566 2033 amittique
578 1954 722 2034 peoeintl’
744 1954 806 2015 Sed
815 1956 960 2034 Pyrrhus,
972 1960 1078 2019 iterata
1087 1972 1176 2025 Just...

120 2048 275 2127 legatione
287 2048 521 2121 Tarentinorum,
534 2058 565 2109 et
577 2050 736 2109 ambitione
747 2070 802 2109 soa
813 2050 919 2121 victos,
933 2052 1077 2132 ‘patrium
1087 2037 1242 2154 ffi‘ffl*

121 2144 204 2203 ω’
226 2144 377 2224 respondit
398 2144 557 2223 ‘Epirotis
573 2164 631 2205 nen
652 2164 705 2224 pro
724 2164 756 2203 se
777 2146 967 2217 tantum,sed
987 2148 1161 2216 atiamxxu.
1191 2138 1199 2154 ⁵

122 2258 178 2318 pro
202 2240 292 2299 sociis
311 2249 344 2299 et
364 2240 467 2299 amicis
485 2240 568 2300 bella
586 2242 757 2320 capessere!
798 2240 937 2302 Ceterum
951 2243 1078 2323 tegendo

121 2334 255 2393 interiori
275 2334 397 2395 consilio
418 2354 482 2405 sue,
494 2354 562 2395 cum
583 2333 687 2413 legatis
707 2335 794 2394 auxie
815 2337 937 2417 pepigit,
951 2338 1077 2401 ‘utlato
1172 2354 1178 2359 ·

121 2428 193 2508 ipsis
215 2429 332 2489 auxilio
350 2432 452 2491 statim
472 2428 579 2489 rediret
596 2428 724 2500 domum,
745 2450 840 2509 neque
852 2432 974 2505 diutins,
986 2454 1077 2514 qaam
1087 2442 1174 2495 Zonar.

122 2541 277 2586 moemrm
288 2532 374 2594 esset,
388 2524 427 2583 ab
439 2524 474 2583 iis
486 2526 516 2582 in
530 2522 623 2583 ltalia
633 2524 830 2585 detineretur)

163 2624 216 2679 2⁰.
240 2618 319 2679 Inde
331 2618 485 2681 confestim
499 2618 538 2679 ad
551 2618 662 2679 bellum
675 2618 875 2700 apparandum
892 2622 1001 2700 ingenti
1013 2632 1074 2683 stu·
1104 2626 1209 2679 Pruna.
1220 2628 1239 2678 Ι.

122 2711 174 2773 dio
186 2734 299 2785 rusus,
313 2713 591 2791 nariumlongarum
598 2732 892 2791 magnumnumerum
898 2717 1074 2797 complerite
1087 2705 1108 2741 ¹⁰

122 2806 198 2885 alias
211 2817 367 2888 preterea,
380 2808 487 2889 quibus
499 2808 567 2886 equi
579 2808 692 2886 virique
705 2816 976 2887 transponerentur,
989 2811 1075 2871 ador·

122 2904 225 2963 navit:
255 2902 402 2983 plerisque
423 2901 583 2981 legatorum
607 2901 794 2974 Italicorum,
814 2922 875 2983 quo
898 2906 954 2964 sub
977 2908 1171 2987 specialem.

123 2998 242 3061 torma
254 2999 390 3059 obsidum
402 3000 497 3061 vicem
510 3000 656 3069 retinam,
669 2998 698 3059 in
711 2998 829 3059 delectu
841 3000 956 3077 agendo
967 3003 1072 3082 copiis·

123 3114 181 3173 qua
192 3094 392 3155 conducendis
403 3114 482 3165 usus,
494 3104 607 3155 ceteros
617 3115 684 3155 oum
695 3094 788 3153 tribus
795 3104 970 3155 armatorum
982 3097 1073 3157 milli·
1084 3106 1151 3159 Pisa

123 3188 189 3259 bus,
200 3188 304 3251 addito
316 3192 368 3270 qui
379 3198 515 3270 pmsset
527 3190 633 3259 Cinea,
645 3188 806 3249 Tarentum
818 3190 966 3268 premisit.
1002 3190 1072 3253 Ho-

124 3304 187 3345 rum
199 3283 330 3345 adventu
349 3304 417 3365 spes
437 3284 519 3365 pacis
536 3285 672 3363 abrupta,
686 3284 859 3362 abrogamm
870 3284 966 3363 Agidi
981 3286 1072 3367 impa-

124 3380 208 3451 dum,
222 3388 255 3441 et
267 3380 318 3439 uni
329 3399 440 3451 oerum,
453 3380 550 3458 quiex
563 3379 707 3456 legatione
721 3378 878 3451 redierant,
890 3380 1009 3443 decreto
1021 3404 1074 3463 po·
1086 3378 1170 3429 ΖΜ·

125 3474 303 3553 polidatum
318 3486 371 3537 est
414 3474 525 3555 Neque
545 3475 639 3535 multo
659 3482 726 3554 post
745 3476 849 3535 missos
868 3496 888 3534 a
907 3497 974 3555 rege
996 3477 1075 3539 Milo

126 3568 315 3631 Tarentinam
335 3589 433 3633 arcem
454 3569 582 3631 firmavit
601 3568 748 3649 presidio,
760 3590 962 3650 murorumque
977 3582 1074 3633 cuato-

23 3687 27 3720 ι
127 3663 206 3725 diam
217 3674 250 3725 et
261 3665 385 3727 tutelam
396 3666 453 3725 sibi
464 3665 653 3746 depoposcit:
674 3665 839 3743 gratulante
852 3666 987 3745 imperita
999 3666 1073 3727 mul·

128 3759 260 3832 titudine,
274 3761 355 3841 qnod
367 3781 459 3841 penas
472 3762 638 3842 peregrinos
650 3760 815 3823 molestiam
826 3771 859 3821 et
872 3761 988 3825 labores
999 3782 1073 3831 asse,

128 3854 183 3915 sibi
201 3857 293 3917 otium
312 3876 379 3917 cum
400 3857 555 3919 securitate
575 3856 710 3917 relietum
729 3856 937 3925 existimabat:
958 3876 1074 3917 annona

128 3950 211 4029 igitur
218 3951 374 4025 militibus,
387 3952 512 4032 munia
524 3951 655 4032 Pyrrho,
668 3952 805 4012 alacriter
815 3952 943 4015 desem

162 4052 214 4109 21.
248 4045 372 4109 Interea
392 4046 430 4107 L.
450 4046 588 4109 AEmilius
612 4049 794 4111 trammatim
818 4047 920 4111 militis
944 4045 1072 4107 adamus
1099 4084 1209 4139 mam

127 4144 253 4224 cognito,
283 4164 343 4224 qno
370 4144 523 4205 tutioribus
545 4142 618 4207 loeis
642 4144 829 4223 hyberaaret,
853 4144 1015 4207 exercitum
1040 4144 1220 4204 insuesce
