2917 4767
278 356 367 425 uoto
753 376 787 425 r.
811 375 907 427 nrvrt

279 512 485 581 Hannibalis
511 514 707 582 beneficium
733 517 911 596 habebant,
940 521 1031 601 capti
1064 520 1109 585 ad
1143 518 1364 589 Trasimeuun

276 619 360 683 iatar
371 617 599 681 Romanorum
611 617 762 683 auxilia⁸
778 619 985 703 dimissique.
1030 620 1128 698 Quos
1140 623 1206 685 ubi
1221 642 1267 687 ex
1280 625 1365 705 siguis

276 724 530 798 armorumque⁹
554 717 670 781 babitu
698 736 886 799 cognovere
914 719 1146 803 Hippocrates
1172 728 1280 805 atque
1298 724 1365 805 Epi-
1436 800 1438 805 ¹

276 818 393 899 cydes,
412 835 525 882 ramos
544 816 630 881 olere
644 837 687 883 ac
701 814 886 883 velamenta
901 819 970 881 alia
992 818 1193 904 supplicum
1211 822 1366 904 porrigae

274 926 335 999 tes,
356 936 465 993 orare,
486 922 496 951 ‘
512 925 550 981 ut
565 919 749 1001 reciperent
763 936 837 981 sese
857 923 1078 1002 receptosque
1093 928 1299 997 tutarentur,
1312 942 1365 987 ocu
1431 930 1435 952 ¹

274 1020 454 1104 proderent
477 1018 708 1100 Syracusanis,
733 1036 756 1081 a
778 1018 901 1100 quibus
924 1038 1005 1085 mcx
1027 1020 1094 1103 ipsi
1110 1020 1364 1105 trucidandipc·
1434 1056 1435 1065 κ

274 1121 356 1203 pulc
371 1119 524 1185 Romano
538 1114 754 1183 dederentur!

316 1219 374 1283 31.
395 1216 619 1295 ‘Enimvero'
636 1216 855 1291 conclamant,
875 1218 1021 1285 ‘bonum
1042 1228 1081 1283 nt
1103 1222 1260 1289 animum
1276 1222 1363 1285 baba·

221 1305 229 1323 ”
275 1328 369 1385 rent:
393 1338 523 1383 omnem
545 1338 583 1381 se
599 1336 677 1383 cum
693 1317 761 1381 illis
781 1318 943 1383 somonam
961 1318 1158 1387 subituros!
1204 1321 1361 1387 lntcrboc

274 1421 478 1503 colloquium
499 1419 594 1499 sigua
616 1417 845 1495 constiterant,
869 1420 1108 1503 tenebaturque
1130 1440 1275 1503 agmen3
1289 1439 1361 1485 ‚nec-

273 1520 365 1597 dnm,
380 1538 457 1601 queo
478 1536 582 1584 morea
601 1536 707 1581 cansa
721 1516 817 1595 soret,
831 1526 1028 1600 pervenerat
1042 1521 1087 1585 ad
1107 1520 1229 1587 duces.
1273 1518 1360 1583 Post·

274 1640 378 1704 quam
407 1620 646 1701 Hippocraten
681 1624 782 1699 atque
820 1617 990 1701 Epicyden
1027 1619 1190 1687 adesse¹⁰
1225 1620 1359 1703 peruasit

272 1740 396 1799 rumor,
411 1723 627 1802 fremitusque
640 1724 713 1782 teto
735 1720 864 1799 agmina
879 1728 950 1783 erat
963 1719 1052 1784 baud
1067 1720 1173 1787 dubie
1186 1720 1354 1803 approban-

272 1824 357 1887 tium
371 1823 553 1887 adrentum
568 1839 702 1897 eorum3
722 1819 896 1901 extemplo
908 1828 1065 1902 praetores
1080 1823 1203 1887 citatis
1217 1822 1304 1904 equis
1317 1818 1355 1881 ad

272 1924 383 2006 prima
398 1924 493 2005 signa
507 1928 733 2005 perrexerunt,
749 1918 838 2003 ‘Qui
855 1939 931 1984 mos
954 1922 1022 1998 ille,
1035 1941 1114 2005 quar
1129 1922 1267 1987 licentia
1285 1918 1354 1983 Cre·

272 2025 417 2089 tensium
435 2022 547 2098 esset,’
571 2024 767 2103 rogitantes
791 2020 984 2101 ‘colloquia
1007 2023 1136 2086 serendi
1163 2042 1242 2086 curu
1263 2021 1352 2095 boste,

271 2124 470 2207 injussuque
485 2128 666 2206 pratorum
681 2122 844 2185 miscendi
860 2139 922 2184 eos
938 2122 1060 2203 agmini
1072 2142 1133 2187 suo
1144 2124 1174 2187 t’
1211 2122 1352 2202 Conpre-

270 2225 371 2289 baudi
384 2224 544 2306 injiciqne
558 2229 696 2286 catenas
707 2219 882 2303 jusserunt
897 2220 1140 2303 Hippocrati.¹¹
1188 2222 1245 2287 Ad
1264 2238 1350 2304 quan

270 2343 389 2387 vocem
405 2329 517 2386 mutus
527 2320 698 2402 extemplo
716 2320 859 2403 primum
873 2338 895 2397 q
909 2318 1124 2387 Cretensibus
1137 2328 1164 2361 ¹²
1179 2324 1299 2387 clamor
1310 2326 1352 2383 ent

270 2429 377 2499 crtus,
391 2422 509 2484 deinde
519 2427 684 2502 exceptus
698 2421 743 2484 ab
757 2420 847 2499 aliis,
861 2426 899 2485 ut
910 2422 1022 2499 facile,
1034 2424 1062 2485 si
1079 2424 1168 2489 ultra
1185 2423 1350 2496 tunderent,

270 2526 459 2606 appararet,
481 2520 530 2583 eis
553 2520 735 2582 timendum
759 2518 860 2583 esse!
898 2520 1032 2585 Soliciti
1052 2522 1238 2607 incertique
1258 2539 1348 2587 rerum
1437 2570 1438 2575 1

271 2642 404 2688 suarum
422 2620 605 2703 Megaram,
621 2620 708 2683 unde
726 2620 865 2703 profecti
888 2629 991 2698 erant,
1005 2622 1114 2686 referri
1129 2626 1226 2705 signa
1233 2624 1346 2707 jubent,

269 2724 471 2805 nuntiosque
485 2722 527 2785 de
541 2727 632 2786 statu
646 2722 801 2803 praesenti
813 2722 1000 2804 Syracusas
1014 2723 1156 2787 mittunt.
1195 2720 1347 2788 Fraudam
1437 2754 1438 2829 p

270 2842 406 2907 quoque
425 2822 655 2905 Hippocrates
677 2822 786 2900 addit,
807 2822 974 2893 inclinatis
989 2822 1031 2887 ud
1048 2842 1177 2887 omnem
1194 2820 1346 2905 suspicio·
1418 2832 1438 2911 ¹¹

268 2944 343 2987 uem
356 2923 496 3002 animis;
519 2930 567 3000 et,
589 2920 798 2985 Cretensium
813 2922 1011 3005 quibusdam
1027 2923 1070 2988 ad
1084 2924 1202 2989 itinera
1216 2920 1345 2987 insiden-

268 3023 313 3088 da
329 3024 451 3099 missis,
467 3023 560 3087 velut
574 3023 778 3104 interceptas
791 3022 918 3099 litorea,
929 3043 1016 3106 quas
1028 3025 1101 3108 ipsa
1114 3026 1344 3109 composuerat,
1437 3044 1438 3101 3

267 3126 404 3188 recitet:
428 3124 623 3188 ‘Praetores
642 3124 847 3207 Syracusani
862 3124 991 3189 consuli
1006 3124 1191 3190 Marcello-⁹
1233 3126 1344 3189 Secun·
1437 3170 1438 3177 κ

194 3304 200 3315 ’
295 3304 313 3347 Ι
328 3304 361 3354 Ut
373 3303 482 3365 §udmari
498 3309 585 3366 mmet,
593 3318 642 3353 eur
652 3306 714 3366 qaod
723 3302 771 3353 ribi
780 3308 896 3368 pretores
904 3304 953 3368 ipsi
963 3305 1071 3355 timerent
1082 3306 1105 3355 ri
1115 3306 1217 3356 alteriue
1222 3316 1342 3370 perrarus·

267 3374 322 3419 reat
331 3370 358 3418 ia
367 3372 461 3432 incepto
471 3368 590 3418 mundi
600 3368 779 3432 Hippocratem.

266 3606 392 3667 Megaran
403 3605 473 3668 conj.
483 3605 510 3657 J.
521 3605 550 3655 F.
561 3606 725 3655 ermon-a
742 3606 785 3657 At.
801 3607 865 3656 inter
876 3607 984 3656 Romus
997 3606 1148 3655 radlia—9
1163 3604 1338 3664 suarumque

267 3670 334 3785 Edtit
346 3670 440 3783 fiune
451 3732 504 3783 Mu.
513 3746 571 3787 m,
581 3746 632 3781 non
643 3731 753 3796 improb.
764 3734 865 3788 Stroth.
897 3732 1103 3781 Vertumnum
1118 3731 1144 3780 in
1159 3734 1229 3781 uutto
1244 3730 1290 3780 bii.
1303 3740 1339 3773 rr·

265 3806 314 3858 tat,
326 3798 396 3861 prob.
408 3796 489 3847 Grou.
499 3805 530 3847 ut
539 3796 622 3845 intell.
638 3812 710 3846 ποτε
720 3812 802 3848 cuum
811 3800 931 3845 errae-11
946 3796 1081 3857 raroque
1092 3797 1182 3845 euteria
1190 3796 1339 3859 Hippuros

266 3863 333 3915 Edd.
350 3870 410 3912 ante
429 3861 545 3911 Gronov.
578 3861 638 3911 vid.
657 3861 721 3911 Not.
737 3863 867 3919 Vsu-lu
886 3860 997 3911 cratibur
1017 3873 1063 3923 pro
1083 3860 1234 3911 Cretensibus
1251 3857 1338 3907 edidere

758 4004 864 4055 NOTAE
1436 3996 1438 4025 ³

265 4112 326 4147 rone
338 4114 386 4149 aro
398 4099 559 4165 Hieronymi,
575 4108 654 4164 atque
665 4100 698 4150 ab
710 4115 742 4149 ao
752 4100 790 4149 in·
831 4096 935 4149 fuerant
953 4098 985 4149 ad
1003 4097 1183 4149 Trasimennus
1204 4099 1235 4149 ab
1257 4086 1338 4144 flauni-

265 4178 307 4221 ter
317 4174 413 4221 auxilia
431 4175 502 4223 misai
520 4175 553 4224 nd
571 4176 709 4237 Romanor,
720 4175 790 4239 eapti
832 4175 900 4236 bale,
912 4190 942 4225 ac
953 4174 1058 4225 dimissi.
1437 4188 1438 4251 t
