2917 4767
465 415 539 464 orn.
562 414 666 464 xxrr.
689 414 772 463 cre.
794 401 826 464 9.
1110 399 1197 468 1783

96 561 242 626 tionibus
263 559 388 643 magia,
411 579 513 642 qnam
535 560 607 624 otio
621 568 682 624 aut
702 560 829 644 requie,
851 559 1095 642 gaudentibus;
1117 581 1195 644 pro·

95 664 196 728 fectus
212 660 485 728 Praetutianumb
504 661 784 745 Hadrianumque
800 681 928 744 agrum,
945 661 1097 727 Marsosi
1119 664 1195 730 inde

96 760 401 848 Marrucinosque*
420 773 455 826 et
470 758 649 846 Pelignos¹
669 762 837 839 devastat,
860 765 1016 848 circaque
1031 764 1146 848 Arpos
1162 771 1195 830 et

96 865 301 930 Luceriam'n
333 867 521 949 proximam
550 864 687 948 Apuiiae
716 866 896 946 regionem.
941 864 1003 930 Cn.
1030 865 1194 933 Servilius

95 968 215 1044 consui,
238 967 379 1032 levibus
405 966 533 1049 praeliis
554 986 632 1031 cum
661 965 772 1032 Gallis
798 967 896 1042 actis,
920 973 1043 1032 etune
1066 969 1193 1052 oppido

95 1069 225 1148 ignobili
234 1075 447 1151 expugnato,
464 1077 641 1151 postquam
652 1068 695 1133 de
706 1069 844 1151 collegae
857 1069 1088 1152 exercitusque
1100 1070 1194 1136 crede

95 1170 229 1248 audivit,
246 1173 325 1254 jam
348 1171 518 1235 moenibus
537 1171 656 1253 patriae
677 1173 1104 1246 meermannianam
1125 1173 1193 1238 dis·

96 1271 223 1337 crimine
236 1281 407 1350 extremo,
422 1272 467 1336 ad
479 1269 606 1336 Urbem
617 1272 682 1336 iter
697 1272 848 1337 intendit.
879 1271 924 1350 Q.
938 1272 1063 1338 Fabius
1079 1273 1194 1337 Maxi·

95 1393 163 1437 mus
177 1373 327 1439 dictator
339 1375 488 1452 iterumn
511 1381 615 1458 quo¹⁴
635 1375 691 1439 die
706 1374 938 1456 magistratum
954 1375 1043 1452 iniit,
1066 1381 1192 1441 vocato

98 1485 216 1552 senatu,
239 1478 286 1541 ab
304 1477 381 1540 Diis
394 1495 504 1555 erana,
527 1494 604 1541 cnm
627 1477 822 1542 edocuisset
845 1479 974 1553 Patres,
996 1477 1075 1561 plus
1091 1479 1194 1560 negti·

98 1577 199 1655 mutia
220 1579 514 1652 caerimoniarum
545 1579 851 1664 auspiciorumque,
881 1597 982 1661 quam
1006 1579 1192 1643 temeritate

98 1681 192 1758 atque
214 1680 366 1757 inscitia,
389 1687 603 1763 peccatum¹⁵
635 1701 657 1746 a
683 1681 734 1745 Cr
748 1679 913 1745 Flaminio
944 1679 1081 1744 consule
1103 1697 1191 1760 esse,

551 1841 731 1864 unuuuu

98 1942 149 1985 tora
160 1935 299 1999 Grouorii,
309 1941 384 2004 quieti
394 1941 420 1991 iu
430 1942 518 2005 qaietia
529 1941 674 1993 mutantia.’
692 1943 874 2003 Durium-lt
895 1938 935 1989 ΑΙ.
949 1941 982 1996 Q.
994 1941 1082 1990 Fabiae
1094 1942 1131 1989 M·
1142 1943 1191 1990 dic·

99 2004 165 2063 tatae,
181 2009 303 2065 qao-15
321 2005 392 2054 Olim
409 2006 546 2071 tegebatur
559 2010 613 2072 piaa
627 2007 777 2070 reginberti·
792 2021 814 2054 c·
832 2005 1032 2069 σιφίείυηηᾳιιε
1051 2007 1192 2070 temeritate,

587 2137 613 2186 N
616 2134 696 2187 OTAE

99 2226 170 2289 uaria
185 2244 262 2292 quam
278 2231 334 2280 otio
353 2231 539 2295 gandentibna:
558 2232 620 2282 aiio·
661 2231 728 2281 oetio
740 2233 765 2280 in
778 2230 890 2294 Aprutio
898 2229 1029 2280 citeriore.

98 2302 152 2362 quio
162 2302 191 2351 ei
201 2307 363 2365 guadeatitaa
375 2307 556 2371 accipiendum
568 2308 620 2357 erit
694 2306 702 2341 ¹
716 2307 751 2356 Et
769 2305 897 2370 Peiignoa]
921 2306 970 2356 Siti
990 2305 1066 2355 fuere
1085 2303 1189 2372 Peligni

98 2374 249 2438 inabtarivo,
267 2383 463 2432 aieeabaoiote.
660 2383 749 2446 populi
769 2382 953 2434 mediterranei
973 2382 1041 2430 iuter
1063 2381 1190 2432 Aternum

126 2450 336 2520 ¹Pratuta‘areaura]
348 2457 470 2507 Praetorii
478 2457 620 2508 internet-
660 2465 688 2510 et
699 2460 809 2524 Sagram
820 2457 922 2521 durior,
938 2472 1046 2523 quorum
1057 2459 1130 2522 prior
1146 2475 1191 2510 eoa

98 2525 370 2582 rioemeti'ornannru
389 2531 493 2589 flurioa,
510 2548 619 2597 quorum
660 2535 823 2594 aveatinia,
849 2533 977 2596 posterior
995 2549 1010 2582 a
1030 2535 1189 2584 Samnitibaa

100 2603 237 2663 panarium
266 2610 392 2673 oppidum
425 2609 620 2672 Interamnium,
660 2611 766 2674 proprie
777 2609 855 2658 dictta
866 2609 1009 2658 dividebat.
1033 2610 1118 2673 Caput
1129 2609 1189 2658 oilrn

98 2681 313 2749 aculeatarum,
331 2699 397 2734 nrrnc
409 2685 518 2741 remeo,
530 2694 558 2734 et
575 2687 618 2736 Ti·
660 2685 811 2744 Corfinium.
832 2683 909 2734 hodie
927 2684 1020 2744 Sulmo,
1039 2685 1117 2748 reigo
1135 2684 1190 2734 otri

98 2759 230 2817 maiorer
242 2759 407 2811 conduentea
416 2761 523 2812 Tordiui
534 2770 561 2812 et
572 2764 619 2812 Vi·
658 2775 727 2810 mae
737 2761 764 2810 in
777 2760 891 2824 Aprutio
902 2759 1032 2808 citeriore.

99 2831 165 2880 riola
176 2838 298 2898 amnium,
314 2838 340 2886 in
356 2838 477 2887 ulteriori
496 2837 618 2901 Aprutio.
690 2843 709 2869 ¹¹
725 2831 987 2898 ArpoaetLuceriora]
1009 2833 1073 2882 Hac
1085 2831 1189 2894 Apuliae

99 2905 284 2962 Atiiadriauua
292 2914 404 2976 agenab
413 2914 513 2964 Hadria
521 2915 618 2979 oppido
658 2910 715 2959 loca
726 2925 778 2960 uon
790 2923 852 2958 rane
864 2909 981 2972 proxima
993 2908 1171 2972 superioribus
1183 2923 1190 2958 r

100 2980 185 3049 dictor,
196 2991 273 3052 rotgo
284 2990 353 3043 Atei,
365 2990 618 3048 intervomaonmat
658 2985 853 3050 interjacebant
872 2986 971 3050 quippe
988 2985 1021 3034 ad
1045 2999 1114 3033 orare
1133 2985 1189 3050 qui·

99 3055 230 3112 Matrinum
241 3080 340 3115 anroea.
366 3065 436 3116 Olim
449 3066 490 3114 iric
501 3081 563 3127 ager
573 3067 617 3116 Pi·
657 3065 717 3114 doru
730 3063 863 3120 Frentani,
875 3063 983 3113 interiaa
995 3065 1132 3114 Samnitea.

100 3135 207 3184 teudbua
217 3141 380 3190 contribuam
396 3139 457 3203 fuir,
473 3155 542 3192 unae
556 3157 617 3207 para
690 3151 702 3196 t
714 3141 829 3191 Dictator
840 3139 939 3202 iterum]
956 3141 1036 3190 Forte
1049 3140 1188 3191 abdicara-

99 3206 192 3270 rtprntii
203 3216 346 3276 ulterioria,
356 3231 414 3281 qua
426 3218 563 3279 provincia
577 3227 619 3268 eat
657 3225 740 3267 ratae
752 3215 942 3280 prodictatura,
954 3224 981 3267 at
990 3231 1005 3266 a
1013 3219 1118 3266 conante
1130 3233 1189 3282 pro-

49 3295 52 3299 '
99 3287 164 3348 rigui
175 3289 354 3356 Neapolitani,
370 3291 404 3342 ad
417 3307 490 3344 mare
503 3293 618 3346 Adriati·
657 3293 727 3342 ditor
744 3291 859 3342 dictator
878 3293 983 3342 iterum.
1017 3293 1085 3342 Nam
1100 3307 1189 3344 exan-

101 3373 160 3412 eua.
658 3368 841 3418 recedentibua
852 3369 915 3418 aatia
934 3369 1016 3434 liquet
1028 3369 1121 3418 mattea
1133 3371 1189 3420 uiue

124 3435 249 3508 ¹iteraoa]
268 3445 418 3496 amatrici·
433 3447 555 3511 gantibaa
571 3463 616 3498 aa·
657 3444 788 3495 dictatore
806 3443 901 3494 abiiaae
919 3459 1010 3506 auuoa,
1027 3453 1054 3494 et
1069 3445 1118 3496 iroc
1137 3446 1189 3509 pri·

99 3519 319 3582 amandarent,
336 3535 443 3585 quornm
456 3532 537 3586 eaput
548 3524 617 3574 Aiba
657 3533 726 3570 mum
746 3533 813 3569 auno
832 3519 987 3583 magiatratu
1004 3521 1050 3571 ilio
1069 3521 1187 3572 structum

100 3584 223 3658 Poeantia,
238 3611 308 3647 anno
318 3598 384 3661 Atti,
396 3598 428 3647 ad
441 3599 568 3650 Facioorn
581 3604 616 3650 ta·
657 3610 714 3646 aare
725 3597 843 3646 Fabiam.
859 3598 888 3646 J.
900 3597 1017 3648 Cieriaua.

100 3671 444 3733 ‘eerrairagoucaaaa
478 3675 617 3726 Hoainter
699 3673 796 3730 tPtaa
817 3674 966 3736 negligentia
985 3674 1188 3738 carimoniae-ara]

101 3746 126 3786 et
134 3739 301 3798 Proetutianoa
307 3748 409 3798 Veatiui
417 3749 514 3812 aliique
526 3753 616 3814 popuii
656 3749 726 3799 Setia
738 3757 811 3812 patet
822 3763 854 3798 ex
867 3750 1016 3799 narratione
1035 3751 1111 3812 linit,
1131 3750 1188 3800 iia·

100 3810 137 3861 bic
155 3823 283 3882 nominati,
308 3824 428 3874 attributi
449 3833 478 3873 et
499 3825 551 3888 ipai
570 3826 616 3875 ali·
655 3825 728 3874 minii
740 3825 890 3875 temeritate
900 3833 926 3874 et
936 3824 1112 3888 imprudentia
1120 3828 1188 3876 maia

99 3893 616 3963 truoesmotrtooa,quiportionem·
655 3915 711 3949 rem
728 3908 848 3964 geatam3
865 3900 912 3950 aad
931 3899 1027 3949 Fabiae
1048 3908 1094 3948 aut
1111 3901 1187 3950 anteri

101 3964 183 4018 tiorum
208 3988 300 4025 nonren
322 3977 491 4027 transierunt.
529 3979 615 4043 Vnigo
656 3981 786 4031 Romanor
803 3981 894 4042 votuit,
909 3993 937 4029 re
953 3981 978 4029 in
989 3980 1105 4029 Deorum
1121 3981 1185 4030 irarn

100 4038 205 4097 ΔΜ·
654 4059 763 4121 rejecta,
779 4063 825 4106 ant
844 4056 956 4106 animum
975 4057 1005 4106 iia
1024 4051 1129 4114 addere,
1148 4067 1188 4120 nt,

134 4114 367 4191 kdiarruciooaque]
397 4128 498 4180 Horum
521 4129 614 4192 preci·
655 4134 767 4198 ptacatia
788 4131 859 4194 Dite,
880 4132 971 4182 metina
996 4133 1024 4182 in
1052 4141 1186 4198 posterum

100 4206 170 4255 puato
180 4205 300 4266 oppidum
310 4205 421 4269 Tbaate,
434 4207 513 4270 vulgo
525 4205 615 4263 ctiete',
654 4214 802 4274 operarent.
819 4207 895 4259 mea

101 4269 131 4319 td
140 4274 257 4331 turoam
267 4279 384 4346 dorium,
395 4295 447 4332 non
458 4283 548 4347 procul
559 4283 614 4346 ejaa
