2917 4767
229 323 317 390 1844
698 331 735 381 Τ·
760 329 850 380 blVll

231 481 375 549 desertis
389 478 464 560 luga
489 477 695 544 dominorum
710 476 831 542 caetris
846 479 1049 558 occupatum
1064 478 1352 564 impeditumque

232 584 366 651 boetem
382 580 596 663 opprimeret.
639 577 757 644 Crebri
772 577 876 642 relicti
891 577 924 640 in
939 579 1059 642 castris
1073 579 1180 661 ignes,
1195 586 1233 645 ut
1246 581 1353 644 fides

232 687 335 760 lieret,
360 682 439 745 dom
466 683 541 763 ipse
565 681 696 760 lougius
721 681 869 762 spetlum
896 679 977 760 luga
1003 681 1227 763 ριιεοίριιιιιι,3
1247 683 1353 748 salsa

233 786 378 867 imagine
402 789 586 848 curtorum
612 782 715 858 (sicut
742 779 884 846 Fabium
911 781 1022 862 priore
1049 801 1136 848 auno
1159 782 1351 848 frustratus

234 891 339 963 esset)
354 894 466 948 tenere
479 883 514 946 io
527 883 637 948 locis4
651 881 811 946 consules
828 881 989 946 voluisse.

276 991 333 1053 42.
355 987 425 1053 Ubi
440 985 569 1062 illuxit,
591 983 767 1052 enbdnctae
784 985 891 1067 primo
913 986 1097 1062 stationes,¹
1120 983 1242 1050 deinde
1257 1005 1346 1068 pro·

235 1092 314 1173 pina
342 1088 544 1175 adeuntibus
568 1087 739 1152 insolitam
769 1086 939 1153 silentium
967 1087 1218 1152 admirationem
1244 1087 1349 1152 lecit.

235 1193 315 1259 laur
330 1192 414 1254 satie
428 1193 603 1272 comperta
616 1185 815 1264 solitudine,
839 1187 873 1251 in
894 1188 1018 1252 cestris
1038 1207 1225 1252 concursus
1240 1187 1278 1251 fit
1293 1187 1345 1252 ad

236 1294 394 1377 praetoria
408 1290 594 1367 consulum,
608 1288 832 1355 nuntiantium
847 1289 961 1371 fugam
980 1289 1128 1354 hostium
1138 1301 1152 1327 ⁸
1168 1289 1257 1354 adeo
1272 1294 1346 1354 tre-

237 1393 364 1478 pidam,
387 1400 436 1465 ut,
458 1389 683 1456 tabernaculis
697 1391 876 1468 stantibus,
891 1398 1004 1456 castra
1018 1390 1230 1474 reliquerint:
1253 1411 1345 1474 quo·

237 1514 304 1580 que
333 1495 415 1576 luga
442 1493 620 1558 obscurior
645 1497 748 1566 esset,
769 1493 903 1556 crebros
933 1495 1035 1559 etlam
1065 1493 1204 1558 relictos
1235 1494 1345 1575 ignes.

136 1597 138 1603 '
239 1598 376 1662 Clamor
391 1594 470 1660 iude
485 1601 592 1671 ortae,
607 1599 643 1661 nt
657 1592 756 1674 sigua
778 1593 916 1674 proferri
933 1593 1099 1677 juberent,
1115 1595 1345 1678 ducerentque

239 1698 283 1764 ad
298 1696 549 1781 persequendos
562 1695 690 1772 bostea,
708 1711 750 1760 ac
764 1693 916 1776 protinus
928 1702 1040 1760 castra
1052 1695 1251 1777 diripienda
1296 1696 1345 1760 Et

239 1798 362 1866 consul
389 1797 473 1862 alter
497 1795 594 1863 uelut
617 1814 707 1860 nnus
742 1795 848 1864 turben
878 1795 1034 1863 militarie
1063 1805 1145 1862 erut.
1199 1797 1344 1864 Paullus

239 1904 344 1966 etiam
357 1907 457 1983 atque
470 1900 569 1964 etiam
593 1898 718 1976 dicere,
744 1897 992 1984 providendum
1016 1898 1345 1983 praecavendumque

239 2021 326 2068 esee.
370 2001 558 2080 Postremo,
582 2019 659 2066 cum
681 2001 781 2070 aliter
803 2019 909 2084 neque
930 2000 1128 2066 seditionem
1149 2019 1263 2084 neque
1281 2001 1345 2066 du·

241 2125 316 2170 cem
341 2102 517 2168 reditionis
541 2104 710 2168 euetinere
734 2109 878 2185 posset:
901 2100 1046 2168 Marium
1069 2101 1239 2168 Statilium
1256 2121 1346 2185 prau-

207 2237 212 2251 =
240 2205 367 2271 tectum
398 2223 477 2269 eum
502 2210 611 2269 turma
639 2202 803 2271 Lumina
831 2203 1046 2287 exploratum
1074 2204 1204 2270 mittit!
1260 2202 1346 2283 Qui,

242 2307 301 2375 rbi
333 2304 554 2387 adequitavit
575 2303 697 2385 portin,
718 2304 905 2370 subsistere
933 2314 1032 2372 extra
1052 2307 1262 2374 munimenta
1289 2323 1347 2370 ce·

242 2407 322 2471 terie
352 2406 475 2490 jueeie,
500 2406 575 2488 ipee
611 2424 689 2472 cunr
713 2405 847 2472 duobus
877 2407 1050 2492 equitibus
1080 2407 1207 2472 vallum
1243 2407 1345 2472 intru-

244 2514 311 2577 vit:
343 2509 610 2595 speculatusque
640 2511 754 2576 omnia
786 2531 862 2578 curu
891 2531 974 2578 cura
1002 2513 1180 2589 renuntiat,
1199 2512 1345 2578 insidiae

244 2614 396 2696 prolecto
409 2632 503 2677 esee:
519 2611 613 2694 ignee
626 2613 662 2676 iu
677 2619 771 2696 parte
786 2620 980 2691 castrorum,
995 2633 1072 2698 quae
1090 2615 1255 2696 vergario
1269 2615 1345 2680 bos-

281 2793 290 2823 ‘
304 2791 393 2842 Amen
401 2807 415 2842 e
424 2792 569 2844 atatieailea
575 2793 691 2857 meridia
699 2793 812 2844 militnm

246 2871 252 2880 ·
277 2863 292 2888 ·
309 2858 458 2906 Goaeamnt
467 2859 498 2906 ad
509 2858 631 2919 atriaque
645 2857 747 2907 ceaulin
758 2858 918 2918 tabernacula,
929 2857 1067 2909 natinatea
1078 2857 1205 2908 Poeanrem
1215 2858 1316 2919 segem.

278 2928 292 2952 ⁸
309 2923 369 2970 Cara
379 2922 486 2985 acquiret
495 2922 620 2971 ecditiam
629 2922 718 2972 militae
726 2924 852 2986 daremque
860 2937 941 2972 eoram
956 2921 1086 2972 Varronem
1098 2923 1187 2972 morari
1197 2937 1225 2972 ue
1235 2929 1330 2973 statere.

247 3145 550 3210 nenetplerlqnablea.
581 3147 1042 3210 Sedeetepexeqeeieapertaaatia:
1059 3149 1347 3214 tnpeummnperm.
1438 3161 1439 3196 ι

246 3211 333 3260 callent
342 3212 456 3273 bam,
467 3211 504 3260 ita
516 3219 545 3260 ut
556 3220 642 3261 errem
652 3213 755 3262 medinm
770 3223 854 3274 agnen
866 3213 934 3263 luter
946 3216 1046 3276 pedites
1057 3217 1219 3278 equitesque.
1255 3214 1347 3278 Neque

247 3288 314 3339 oona
331 3282 373 3324 eet
390 3276 589 3336 tranapoeltlnne
605 3291 681 3340 qnam
700 3277 741 3327 cl.
757 3275 984 3328 Drakenborchiue
1003 3277 1122 3329 relebab'
1141 3278 1289 3328 Stroth—⁸
1305 3278 1348 3328 ΑΙ.

246 3340 444 3403 manee—e
461 3339 606 3402 eunitae.
618 3340 734 3391 Gronov.
746 3342 867 3390 teneretis
876 3343 942 3392 lneir.
1209 3357 1213 3364 ·

706 3515 711 3521 -
739 3483 852 3534 NOTAE

250 3583 346 3631 terune,
359 3574 525 3638 teranmqnn
539 3589 584 3638 pe·
598 3589 711 3625 remeare
730 3593 780 3628 are·
819 3578 931 3630 medium
951 3595 1039 3630 eornm
1057 3583 1351 3646 enmnnmpompmt·

247 3653 324 3709 diu,
344 3651 441 3713 waliae
466 3652 581 3702 edun.
623 3651 702 3702 Unde
722 3654 783 3705 baec'
820 3669 864 3704 ιιιιι
881 3669 975 3719 nempe
991 3657 1170 3706 intercoruna
1187 3658 1349 3721 interjacens

250 3729 335 3780 exibit
356 3728 503 3778 sententia:
527 3728 656 3782 Hannibal
680 3730 780 3780 relictia
819 3731 948 3794 traduxit,
963 3731 1116 3794 meminerint
1133 3741 1186 3795 eat,
1201 3734 1242 3783 rel
1260 3733 1351 3786 addite

250 3805 344 3858 carteia
355 3805 453 3854 ricinoa
468 3813 569 3856 montea
586 3815 689 3869 netem,
707 3807 780 3868 pedi·
820 3808 923 3870 agmine
933 3809 1149 3872 armatorum,qnl
1160 3817 1352 3878 eaaerrareatt

251 3889 334 3932 tatnrn
345 3881 499 3931 inatrnctnnr
509 3884 541 3930 ad
559 3883 661 3943 larana,
670 3889 698 3932 et
709 3891 781 3933 trane
819 3883 875 3931 alre
884 3882 1025 3945 quimdiu
1034 3889 1115 3947 atqne
1126 3885 1297 3946 ordinalem
1307 3885 1351 3934 lea

251 3967 354 4009 inantea
375 3958 524 4021 collocavit,
546 3973 579 4008 ne
601 3960 635 4009 ab
657 3959 781 4010 Romania
819 3959 904 4006 ordre:
917 3968 944 4006 ιιι
956 3957 1055 4008 edilicer
1068 3957 1249 4023 interequitea
1265 3967 1295 4010 et
1305 3972 1350 4024 pa·

253 4034 464 4096 cenapicereturr
486 4033 646 4084 addextrare
658 4035 685 4084 iu
696 4035 780 4099 plani·
820 4031 890 4084 diter
902 4034 931 4082 ln
940 4038 1100 4082 tritoeaeent.

254 4107 448 4163 cieeollucaeit
458 4110 602 4172 equitatura
613 4112 640 4162 in
655 4109 707 4160 dno
724 4127 781 4162 cur·
852 4109 943 4158 lem
960 4113 1039 4158 lama
1053 4107 1163 4171 Item]
1179 4109 1247 4160 Cum
1265 4117 1347 4162 tuma
1437 4115 1438 4151 ἶ

253 4195 306 4236 noa
315 4181 442 4235 divinam:
458 4183 518 4234 dein
536 4185 722 4248 impedimenta
733 4200 780 4250 per
821 4187 936 4251 equiturn
945 4183 1072 4238 aoclernrn
1082 4199 1115 4236 ex
1128 4187 1253 4238 Louaeh.
