2917 4767
711 329 747 377 'l'-
770 330 865 378 mvn

398 474 486 541 renis,
503 480 535 530 et
555 469 791 550 emioorumejus
808 490 908 553 opero,
926 469 1004 532 clem
1024 471 1193 532 intromissis
1206 471 1355 533 militibus

397 568 499 627 nrbem
516 567 546 625 in
558 576 734 647 potestotenr
746 566 928 647 redegenrnt.
971 567 1020 627 Ibi
1034 566 1131 627 Hiero
1150 568 1307 629 excelsum
1321 590 1354 629 se

397 663 533 724 virumet
544 663 772 743 quanticumque
782 664 897 744 imperii
908 682 1049 743 cepsoem
1059 662 1206 723 ostendit:
1227 684 1353 725 nnmex

398 757 520 818 dirersis
529 759 660 839 pertibus
666 760 777 820 occidit
783 768 836 819 eut
842 760 932 838 ejecit
941 759 1100 828 neminem:
1115 758 1353 832 sedciernentis,

240 870 387 918 Justrxrrr.
399 853 607 925 moderamine,
626 856 771 934 rectisque
793 854 921 915 consiliis
940 855 982 915 its
1001 856 1164 935 oompoeuii
1185 864 1297 926 motus,
1321 865 1355 915 tii

239 938 324 1061 i'olyb.
400 969 458 1009 uon
471 950 629 1010 minoribus
639 949 744 1010 studiis
756 970 856 1011 eorum
869 950 1008 1013 edre'rsus
1026 970 1099 1030 qnos
1111 960 1245 1021 venerut,
1259 970 1353 1030 qnsrn

400 1065 421 1105 ιι
431 1047 538 1125 quibus
547 1046 693 1106 adductus
704 1045 811 1119 fueret,
822 1054 927 1127 praetor
941 1046 1093 1127 Syracusis
1104 1055 1264 1107 crearetur.
1345 1070 1346 1073 ¹

440 1148 491 1202 14.
512 1140 576 1202 Hic
586 1162 655 1202 vero
668 1142 838 1222 reipublice
855 1162 955 1203 curem
968 1150 1002 1201 ut
1014 1162 1074 1202 suae
1084 1150 1147 1201 toto
1159 1142 1261 1201 enimc
1270 1160 1353 1202 com·

399 1237 516 1318 plexus,
533 1256 633 1297 cume
649 1236 809 1317 iongojnm
821 1246 951 1318 tempore
971 1238 1074 1298 vitium
1094 1236 1172 1297 istud
1191 1238 1222 1296 in
1245 1237 1355 1298 Siciiis

398 1332 553 1392 inolevisse
569 1342 712 1403 cerneret,
724 1342 759 1392 ut
778 1335 893 1412 quoties
910 1336 1096 1412 magistratus
1111 1334 1212 1414 copies
1231 1332 1354 1393 edonis

397 1436 475 1499 sent,
488 1427 536 1488 vel
548 1429 579 1487 in
598 1428 729 1488 exercitu
742 1429 909 1489 turbaretur
920 1427 1045 1508 aliquid,
1058 1428 1107 1489 vel
1119 1428 1355 1488 dominororum

401 1542 497 1583 rerum
515 1532 613 1583 motus
631 1524 787 1596 orirentur,
799 1518 1019 1603 circumspicere
1042 1524 1169 1603 aliquem
1192 1521 1285 1601 ooepit
1305 1523 1355 1581 cni

401 1638 448 1678 res
466 1620 593 1679 urbinus
611 1628 676 1679 tuto
693 1618 837 1690 crederet,
851 1620 876 1678 si
887 1618 1007 1698 quando
1019 1620 1080 1699 ipse
1094 1618 1133 1678 sd
1145 1617 1258 1677 beilum
1270 1619 1356 1677 exire

402 1722 564 1792 cogeretur.
586 1714 721 1775 Uxorem
734 1714 822 1793 igitur
831 1714 919 1775 duxit
927 1712 1020 1773 filiem
1031 1713 1174 1794 leptinis,
1184 1714 1358 1791 qnimsgnc

403 1810 478 1869 inter
489 1809 569 1869 ciros
581 1810 767 1879 auctoritate,
780 1810 826 1869 vir
837 1809 926 1869 etism
939 1808 1106 1889 cumprimis
1118 1808 1257 1867 honmtrm
1269 1806 1356 1867 fidei-

403 1925 462 1986 que
479 1914 570 1965 tenu
583 1904 758 1964 hebebetur.
800 1902 852 1963 Its
864 1904 985 1985 provisis
1002 1904 1171 1963 domesticis
1182 1903 1283 1973 rebus,
1302 1902 1356 1963 sd·

404 2021 505 2062 versus
522 2001 765 2061 mercenoriorum
786 1998 971 2059 insolentiam
991 1998 1150 2059 remedium
1162 1999 1358 2057 merium

404 2097 498 2173 megin
506 2117 597 2174 quem
609 2114 821 2174 usquequaque
840 2095 992 2155 leudebiio
1010 2103 1190 2156 commentus
1201 2102 1265 2153 ost:
1287 2112 1358 2153 uem

403 2190 513 2249 educto
524 2199 627 2249 contre
640 2190 834 2250 Mamertinos
846 2191 988 2261 exercitu,
1007 2210 1074 2250 cum
1087 2189 1130 2247 ilii
1138 2191 1230 2266 juxto
1242 2188 1358 2248 Centu-

406 2286 485 2363 ripos
493 2286 696 2355 occurrissent,
707 2286 801 2345 eciem
814 2285 853 2344 ed
865 2284 1077 2365 Gysmosorum
1090 2304 1204 2343 omnem
1217 2284 1276 2343 hoc
1288 2283 1358 2343 doio

407 2380 556 2447 instruxit,
570 2390 605 2436 ut
620 2381 696 2436 inter
712 2381 793 2437 cives
805 2382 1054 2458 mercenariosquc
1067 2378 1224 2438 intervallo
1243 2378 1358 2449 relicto,

408 2470 461 2533 hos
470 2473 651 2531 committere
659 2472 791 2552 praelium
800 2474 929 2549 juberet,
941 2482 1081 2553 tenquom
1091 2474 1153 2553 ipse
1163 2492 1229 2531 cum
1241 2475 1360 2534 urbanis

407 2568 499 2645 siguis
510 2566 570 2627 elie
582 2575 664 2646 perte
675 2566 847 2646 impeditum
856 2577 888 2627 et
899 2568 1062 2628 districtum
1071 2569 1185 2629 hostem
1195 2570 1359 2631 invasurus.

410 2661 462 2723 Itu
473 2662 646 2723 conductitii
656 2663 768 2739 majore
782 2662 1025 2721 Mamertinorum
1037 2682 1158 2722 numero
1169 2663 1361 2724 circumventi

408 2757 539 2819 cedunt:
561 2758 633 2837 ipse,
646 2756 718 2816 dum
738 2757 840 2816 horum
859 2756 941 2817 cmde
953 2757 1126 2817 distinemur
1146 2758 1255 2831 hostes,
1267 2761 1360 2819 otiose

409 2864 532 2933 tutoque
545 2852 748 2932 Syrocusones
756 2852 857 2932 copies
867 2852 897 2911 in
910 2852 1012 2913 urbem
1025 2854 1149 2914 reducit.

449 2956 500 3009 lo.
520 2947 576 3007 Ad
587 2948 666 3008 hunc
684 2946 803 3008 modum
825 2956 994 3027 repurgato,
1017 2948 1158 3029 quicquid
1179 2948 1209 3006 in
1228 2950 1359 3009 exercitu

410 3064 530 3123 agrum,
543 3052 575 3104 et
586 3044 626 3103 ed
638 3042 795 3103 seditiones
807 3062 932 3124 pronum
944 3042 1051 3115 fuerat,
1072 3044 1217 3103 urbanum
1236 3044 1359 3105 militem

409 3139 537 3199 mudiose
549 3146 688 3199 exercet:
710 3158 803 3199 noves
818 3139 1062 3197 mercenariorum
1080 3138 1182 3218 copies
1199 3138 1358 3200 conducit:

410 3244 501 3314 etque
513 3235 556 3294 ite
564 3232 770 3293 benevolentis
782 3232 940 3293 multorum
953 3242 1134 3313 comparate,
1145 3242 1257 3294 remoto
1270 3234 1359 3294 suds-

409 3330 527 3389 cissimo
549 3346 678 3406 quoque,
697 3326 818 3406 reliquis
838 3327 977 3388 adversus
999 3338 1142 3389 armatum
1164 3338 1196 3389 et
1218 3329 1360 3391 intentum

412 3424 518 3481 mutire
537 3442 595 3483 ιιοιι
607 3422 695 3491 ensis,
718 3423 913 3504 principatum
936 3426 1077 3485 orbitrstu
1097 3445 1152 3486 suo
1169 3423 1360 3495 sdministrot

265 3530 339 3580 Diod
349 3528 404 3579 Eoi.
415 3516 535 3577 luteres
548 3504 730 3587 Mamertini,
743 3520 851 3579 recenti
867 3520 993 3581 victorie
1009 3520 1174 3591 ferociores,
1191 3522 1360 3581 contemtin

267 3611 302 3645 ‘¹
416 3621 505 3694 etque
518 3622 625 3673 temere
639 3611 888 3693 Syracusanorum
898 3613 971 3675 fines
982 3616 1210 3697 populabuntur.
1241 3615 1358 3677 Adver-

415 3729 466 3770 sus
485 3710 539 3770 hos
561 3707 686 3769 Hiero
671 3728 738 3786 ιιιιιιι
754 3710 869 3771 civibus
891 3720 922 3771 et
940 3710 1027 3771 militi
1045 3710 1139 3771 fidens
1161 3712 1360 3773 incunctanter

417 3824 558 3884 egressus,
577 3804 643 3865 cd
635 3824 729 3885 :psum
742 3804 866 3865 hostium
877 3807 990 3877 urbem,
1003 3807 1129 3867 dimissis
1141 3807 1250 3886 pemim
1270 3806 1360 3885 globis

417 3901 478 3962 iore
499 3920 636 3971 usonem,
654 3908 752 3961 ossus
772 3902 886 3982 posuit:
915 3906 1001 3982 cujus
1026 3902 1176 3963 intellecto
1199 3901 1360 3963 discrimine

420 3996 591 4057 Mamertini
603 3994 643 4057 ed
653 3994 805 4057 ierendnm
814 3997 875 4056 suis
896 4017 984 4079 opem
1003 3998 1143 4080 expedito
1163 4016 1232 4058 cum
1249 3998 1360 4075 tigmine

419 4092 541 4171 impigre
560 4100 754 4155 accurrerunt.
807 4092 904 4153 Hiero
927 4094 1014 4155 motis
1035 4114 1075 4155 er
1089 4112 1166 4175 egro
1186 4092 1361 4154 Mamertino
