2917 4767
400 392 502 449 araur
527 390 614 442 xrx.
636 392 959 445 sursasuasruu.
1149 378 1236 445 lora

118 530 185 595 socii
201 531 359 610 utriusque
381 532 483 613 populi
506 536 545 594 ab
565 544 689 614 utroque
710 536 768 594 tuti
789 534 900 595 forent:
926 535 1021 595 neutri
1040 536 1070 596 iu

121 625 231 685 alterius
257 626 379 687 ditione
401 631 560 707 quicquam
582 630 745 710 imperandi
770 630 925 709 publicave
947 631 1071 691 inaedifi-

119 721 210 790 candi,
223 721 372 782 militisre
392 724 459 784 inde
475 726 659 785 conducendi
667 727 719 804 jus
731 736 824 785 esset:
845 728 1074 807 nequealterius

118 816 214 896 populi
234 819 336 878 socios
352 819 429 879 altar
442 820 471 879 in
484 822 644 881 amicitiam
657 830 688 881 et
699 822 871 882 societatem
886 824 1073 882 admitteret'

119 911 263 971 Additum
287 923 350 984 est,
377 917 463 975 ‘haec
482 917 526 976 ita
545 929 610 977 rata
630 917 704 987 lore,
725 919 751 977 si
771 918 897 998 populus
918 918 1236 995 Romanusl’olyb.1.o².
1332 954 1342 1001 ,-

114 1006 264 1085 jussisset!
310 1010 373 1081 At,
386 1021 420 1070 ut
440 1031 520 1071 arma
540 1014 591 1091 qui
613 1013 741 1092 Erycem
758 1016 898 1073 tenebant
913 1013 1072 1085 traderent,
1085 1001 1236 1123 ῗοῐῖῐῇξί·

118 1122 288 1182 quanquam
309 1126 331 1165 a
352 1106 473 1166 consule
494 1108 673 1187 postulatum
689 1109 796 1179 luerat,
808 1110 933 1168 obtineri
946 1129 1004 1168 non
1025 1130 1076 1188 po-

119 1200 189 1257 tuit:
210 1218 282 1259 cum
306 1200 469 1261 Hamilcar
490 1205 594 1284 ‘prius
614 1214 645 1263 et
664 1206 801 1285 patriam,
816 1215 847 1263 et
865 1226 898 1264 se
910 1204 1075 1265 oblaturum

121 1294 220 1353 eritio’
232 1295 366 1367 diceret,
381 1308 390 1333 ⁶
405 1318 493 1376 quam
505 1308 619 1359 tantam
632 1300 727 1359 adiret
739 1300 946 1377 ignominiam)
984 1299 1076 1359 Illam

123 1398 214 1451 tanen
231 1392 452 1463 conditionem,
467 1403 476 1429 ‘
492 1403 524 1453 ut
544 1396 573 1453 iu
589 1396 689 1474 capita
708 1395 917 1455 duodevicenis
929 1395 1076 1454 denariis*
1087 1402 1240 1456 nuncu.

123 1486 266 1561 prmius,
283 1490 326 1547 ab
342 1488 440 1568 Eryce
453 1490 652 1560 emitteretur:
666 1492 789 1570 accepit.

160 1587 210 1640 ul.
232 1582 326 1642 Missi
349 1583 454 1643 deiude
476 1583 607 1644 Romam
627 1594 658 1645 et
677 1604 696 1643 a
707 1586 827 1644 consule
843 1595 874 1645 et
888 1607 906 1646 a
919 1586 1022 1646 Poenis
1034 1586 1077 1645 le·
1089 1599 1173 1650 zonat.

123 1676 191 1751 gan,
206 1680 259 1756 qui
273 1678 314 1738 de
330 1680 412 1759 pacis
426 1681 504 1739 inite
518 1680 631 1758 legibus
643 1691 777 1740 senatum
790 1681 990 1761 populumque
1012 1680 1078 1739 Ro·

125 1788 240 1831 manum
260 1774 432 1836 edocerent.
483 1774 555 1833 Nou
576 1777 712 1855 probarit
734 1796 838 1854 pacem
858 1776 1000 1857 populus:
1027 1776 1241 1859 sedPolybsota

126 1865 224 1925 decem
247 1868 367 1947 legatos
387 1870 426 1929 ad
446 1888 492 1929 res
509 1870 705 1951 inspiciendas
722 1872 799 1929 mitti
805 1873 906 1948 jussit,
919 1873 1013 1949 iisque
1032 1892 1078 1929 rc-

128 1962 213 2021 rersis
239 1964 371 2025 intendit
395 1965 593 2033 conditionem
624 1974 682 2022 ‘ut
706 1964 788 2023 mille
813 1966 945 2025 talento·
967 1967 1077 2036 statim,
1108 1979 1241 2046 Polybus.

127 2054 229 2118 deinde
243 2062 383 2138 proximo
396 2060 538 2120 decennio
550 2060 610 2119 duo
623 2060 717 2119 millia
729 2060 857 2120 ducenta
869 2061 1077 2141 penderentur:
1090 2048 1232 2173 {2⁰¹beoe

130 2160 161 2209 u
178 2164 290 2231 praeter
308 2154 453 2226 sinnam,
476 2156 611 2215 omnibus
634 2156 747 2225 insulis,
768 2175 836 2234 qus
856 2160 933 2215 iser
956 2158 1033 2216 lans
1049 2144 1240 2221 cessata}

132 2244 248 2309 ltaliam
272 2260 381 2321 essem,
393 2250 602 2311 excederetur:
624 2271 696 2311 neve
717 2252 813 2329 longis
833 2253 999 2311 navibusin
1014 2252 1078 2313 lta·
1090 2235 1243 2350 ἶῖαῗᾚ
1281 2309 1283 2312 .

131 2340 209 2413 liam,
223 2356 280 2405 aut
299 2345 430 2405 Romani
445 2347 523 2424 juris
544 2346 653 2413 insulas
670 2347 843 2423 navigarent
856 2347 961 2417 Pmni3
984 2368 1079 2428 neque
1091 2318 1198 2415 zozius.u
1237 2338 1244 2353 ’

133 2438 251 2499 militem
276 2440 485 2501 mercenarium
505 2460 543 2499 ex
566 2442 602 2499 iis
624 2440 842 2501 conducerent?
890 2442 1079 2523 Carthagini-
1108 2461 1161 2511 nv.
1177 2462 1243 2525 Epic

136 2552 221 2605 enses,
234 2537 308 2595 dum
329 2556 403 2614 pace
424 2537 595 2615 potirentur,
610 2536 682 2595 nihil
695 2556 876 2597 recusavere.
918 2538 1079 2599 Hamilcar
1091 2540 1151 2577 ¹¹¹·

136 2630 227 2689 mtim
260 2633 385 2711 imperio
411 2630 555 2709 deposito,
582 2632 751 2709 priusquam
772 2632 967 2709 jurejurando
991 2643 1080 2713 pacta
1091 2649 1243 2716 edyssae.

136 2726 325 2795 sancirentur,
351 2725 527 2805 Lilybaeum,
552 2734 641 2803 atque
665 2724 733 2784 inde
756 2725 965 2803 Carthaginem
986 2738 1080 2787 nans-
1092 2748 1177 2797 zm,

138 2820 228 2881 misit:
259 2840 327 2882 curn
354 2830 385 2881 et
411 2821 553 2891 consiliis,
577 2828 608 2879 et
629 2821 716 2879 armis
741 2819 851 2879 ducum
872 2822 1002 2881 omnium
1029 2826 1080 2902 qui
1094 2845 1241 2909 polybum.

138 2932 179 2973 ros
203 2938 240 2979 eo
263 2916 346 2977 bello
373 2924 522 2995 gesserunt
543 2914 622 2974 haud
650 2914 741 2973 dubie
762 2915 1028 2993 prestant'usirnum
1049 2938 1080 2977 se

140 3010 325 3072 exhibuisset.

175 3114 225 3169 62.
247 3107 322 3167 Hoc
342 3107 468 3166 maxime
490 3106 629 3167 modoet
650 3116 775 3185 gestum
796 3117 828 3166 et
848 3106 1013 3169 conlectum
1036 3116 1082 3167 ost

140 3199 247 3263 bellum
267 3202 342 3262 illud
364 3201 607 3280 Carthaginiense
628 3204 772 3282 primum
795 3202 874 3281 quod
895 3204 925 3262 in
945 3212 1247 3292 quartump017a1m,

140 3304 168 3353 et
182 3299 350 3359 vicesimum
365 3316 474 3357 anuum
487 3307 603 3357 traxere
616 3298 690 3357 rarii
703 3318 799 3368 casus,
813 3307 845 3357 et
855 3300 969 3359 atrocia
980 3300 1082 3357 utrim-

142 3410 194 3471 que
207 3394 328 3463 damna,
340 3392 392 3453 sed
406 3394 519 3471 majora
531 3414 643 3465 eorum,
658 3395 708 3474 qui
718 3394 758 3453 ad
767 3402 930 3455 extremum
940 3395 1083 3455 vicerunt.

142 3484 222 3547 Nam
242 3489 375 3549 Punicas
393 3488 512 3568 quidem
532 3490 755 3568 quinqueremes
773 3492 890 3551 circiter
909 3492 1084 3570 quingentas
1095 3503 1245 3568 Apprmsp.

142 3600 174 3641 ao
185 3585 267 3644 bello
279 3585 399 3664 periisse
411 3584 543 3655 tradunt,
552 3586 603 3663 qni
613 3586 792 3663 singularum
801 3586 931 3647 cladium
942 3588 1083 3647 rationem
1094 3569 1248 3699 {fimum

143 3676 263 3749 inirere3
286 3679 490 3739 Romanarum
512 3679 551 3739 ad
572 3682 786 3760 septingentas:
808 3702 868 3761 quo
888 3683 1015 3741 maxime
1035 3702 1083 3740 ar·

143 3783 274 3851 gementu
288 3774 435 3835 Romanae
450 3776 622 3837 constantie
634 3777 722 3836 robur
735 3777 883 3856 appanrit,
895 3777 975 3855 qnod
995 3776 1086 3835 nullis

142 3887 233 3951 neque
247 3870 415 3959 praeliorum
434 3870 573 3941 aduersis,
587 3890 682 3951 neque
695 3880 860 3953 temporum
877 3872 993 3931 casibus
1008 3870 1083 3930 frac-

170 4093 185 4117 ·
210 4082 383 4133 Dausaron
397 4085 515 4149 daulis]
539 4084 594 4133 Un·
660 4086 760 4135 0nnu
769 4084 872 4149 talentu]
898 4086 974 4136 Mille
987 4088 1085 4138 talenta

143 4148 187 4198 ciis
198 4150 300 4211 arguisti
312 4150 471 4199 nostratibus
485 4153 509 4199 2.
521 4162 594 4213 gros·
630 4150 748 4199 Euboica
777 4150 966 4212 responderent
991 4154 1085 4203 marcis
1201 4170 1205 4173 ·

144 4214 213 4263 slat.
231 4216 304 4263 Creo.
631 4214 793 4265 nostratibus
802 4218 892 4266 tuoto.
912 4216 983 4267 cm.
