2917 4767
264 381 352 450 1964
714 397 749 450 r.
772 395 867 452 nrvn
889 461 892 466 ¹

267 543 446 612 conducto
467 562 582 622 cornu,
603 565 670 630 que
685 545 860 630 pepulerat
874 545 1014 626 Sardos,
1032 545 1171 613 inclusit
1181 545 1368 612 manns.
1440 594 1442 645 ἰ

267 647 389 714 Caedes
409 645 487 710 iude
505 647 624 729 magis,
653 667 755 732 quarn
774 667 896 732 pugna,
919 647 993 714 suit.
1053 650 1249 714 Duodecim
1273 649 1368 714 millia
1440 652 1442 673 ²

265 749 409 814 bostium
440 767 532 813 caesa
553 748 734 814 Sardorum
766 752 865 815 simul
889 751 1149 835 Poenorumque,
1177 751 1291 814 ferme
1312 752 1369 814 tria
1437 737 1438 740 ¹

265 851 370 916 millia
391 855 425 915 et
444 849 669 936 septingenti⁶
688 853 793 936 capti,
820 859 855 917 et
880 854 976 935 signa
1000 853 1158 917 militaria
1186 859 1323 936 septem
1341 859 1368 917 d

264 952 396 1036 viginti.

309 1053 365 1117 41.
387 1051 477 1117 Ante
498 1055 608 1119 omnia
628 1053 753 1119 claram
783 1061 818 1120 et
845 1056 1094 1121 memorabilem
1119 1075 1277 1138 pugnam
1296 1053 1366 1118 lecit

267 1153 468 1220 Hasdrubal
486 1155 665 1240 imperator
685 1164 817 1240 eaptus,
833 1165 867 1222 et
890 1159 1026 1232 Hanno,
1046 1162 1082 1222 et
1098 1155 1221 1238 Mago,
1242 1155 1366 1220 nobiles

267 1257 577 1340 Carthaginienses:
602 1259 704 1341 Mago
717 1278 761 1324 ex
776 1249 871 1342 gente
894 1261 1051 1337 Barcina,
1070 1258 1272 1342 propinqua
1295 1275 1364 1338 cog·

268 1360 598 1426 untioneHannibali
615 1358 775 1444 junctus3
798 1361 924 1425 Hanno
938 1367 1057 1425 auctor
1077 1359 1275 1424 rebellionis
1296 1358 1365 1421 Sar·

266 1459 329 1538 dis,
352 1460 499 1545 bellique
516 1461 590 1544 ejus
612 1461 702 1526 band
726 1463 826 1528 dubie
849 1464 1024 1527 concitor.⁷
1080 1461 1158 1526 Nec
1185 1457 1364 1525 Sardorum

266 1561 371 1626 duces
392 1563 500 1626 minus
520 1562 664 1628 nobilem
688 1582 763 1628 eam
785 1583 930 1648 pugnam
954 1563 1109 1629 cladibus
1128 1562 1364 1626 suistecemnt

266 1663 358 1728 Nam
380 1674 415 1729 et
433 1663 523 1729 tilius
546 1664 784 1749 Hampsicorae
818 1665 964 1730 Hiostns
996 1667 1030 1730 in
1066 1667 1140 1731 acie
1172 1663 1309 1728 cecidit:
1328 1669 1361 1724 ct

266 1765 507 1850 Hampsicora,
518 1785 593 1832 cum
612 1766 732 1855 paucis
752 1767 923 1850 equitibus
934 1767 1079 1849 fugiens,
1092 1775 1129 1829 ut
1144 1783 1253 1848 snper
1268 1761 1362 1826 afflic-

265 1871 319 1931 tas
328 1887 380 1931 res
393 1887 507 1932 necem
520 1887 654 1952 quoque
669 1867 729 1932 filii
743 1869 886 1946 audivit,
898 1876 1009 1946 nocte,
1024 1889 1065 1932 ne
1086 1867 1186 1950 enjus
1208 1868 1361 1930 interven

265 1975 323 2032 tus
339 1968 476 2052 coepta⁸
489 1968 672 2052 impediret,
684 1973 822 2032 mortem
834 1969 901 2033 sibi
916 1970 1093 2034 conscivit.
1136 1967 1273 2031 Ceteris
1290 1965 1361 2028 urbs

266 2067 399 2133 Cornus
419 2069 549 2147 eadem,
570 2088 648 2154 quae
661 2069 848 2152 antc,fugae
867 2070 1115 2154 receptaculum
1135 2069 1213 2132 luit.
1258 2063 1358 2144 Quam

265 2168 425 2247 Manlius,
439 2172 565 2235 victore
588 2172 739 2236 exercitu
758 2191 945 2253 aggressus,
969 2171 1053 2236 intra
1075 2191 1206 2255 pancos
1226 2168 1297 2232 dies
1314 2185 1359 2230 re·
1440 2246 1442 2249 Ι

266 2272 369 2353 cepit.
412 2273 543 2338 Deinde
575 2272 651 2338 aliea
676 2291 812 2356 queque
831 2273 997 2350 civitates,
1019 2292 1097 2357 quae
1119 2272 1168 2337 'ad
1205 2269 1359 2352 Hampsi·
1440 2251 1442 2345 Ι

266 2391 386 2436 coram·
414 2373 609 2458 Poenosque
632 2374 836 2450 defecerant,
854 2375 1028 2439 obsidibus
1048 2373 1146 2446 datis,
1168 2371 1358 2438 dediderunt

266 2493 358 2538 sese:
389 2477 517 2558 quibus
545 2473 714 2557 stipendio
745 2475 979 2558 immeritoque
1008 2476 1186 2558 imperato,
1215 2493 1277 2559 pro
1305 2493 1357 2538 cn·
1439 2484 1440 2577 l

259 2574 382 2661 jusque
399 2583 459 2643 aut
479 2577 606 2642 viribus
623 2585 682 2642 aut
696 2579 832 2656 delicto,
855 2577 995 2643 Carales
1016 2579 1202 2642 exercitum
1217 2577 1355 2642 reduxit
1439 2588 1440 2591 ’

266 2677 322 2742 lbi
337 2679 481 2744 naribus
498 2677 606 2760 longis
627 2678 797 2756 deductis,
811 2680 1046 2764 impositoque,
1061 2699 1163 2766 quem
1178 2699 1294 2746 secum
1306 2676 1356 2741 ad

266 2788 416 2859 vexerat,
441 2780 559 2856 milite,
583 2777 727 2844 Romam
751 2779 899 2862 navigat,
923 2779 1182 2864 Sardiniamque
1203 2776 1355 2866 perdomi-

265 2885 336 2946 tam
351 2881 484 2945 nuntiat
498 2879 681 2945 Patribus:
703 2887 738 2944 et
753 2879 954 2964 stipendium
970 2883 1207 2964 quaestoribus,
1224 2881 1358 2945 frumen·

265 2987 359 3048 tuma
387 2982 570 3060 aedilibus:
605 2981 831 3066 captivosque
863 2981 1024 3047 Fulvio¹⁰
1052 2983 1193 3066 praeteri
1218 2977 1355 3047 tradidit

265 3081 335 3146 Per
351 3082 440 3148 idem
466 3087 599 3168 tempus
614 3083 655 3148 Τ.
671 3081 840 3148 Otacilius
861 3090 1021 3167 pratee·
1037 3085 1282 3167 quinquaginta
1304 3097 1354 3142 na-

265 3183 357 3248 rium
372 3185 415 3248 ab
431 3183 586 3268 Lilybaeo
602 3183 712 3250 classe
726 3184 761 3248 in
780 3183 932 3250 Africam
948 3191 1165 3263 transvectus,
1182 3180 1353 3270 depopula·
1438 3176 1439 3261 l

264 3479 327 3556 triu,⁸
341 3493 372 3528 ae
389 3478 483 3529 deinde
494 3479 625 3529 numerale
636 3479 699 3530 mille
714 3479 858 3530 antrib-t
873 3477 988 3529 &uenti
997 3478 1074 3531 Grdt.
1086 3479 1206 3529 Gronov.
1222 3479 1295 3530 cren.
1315 3475 1351 3521 te
1437 3422 1438 3511 b

263 3543 479 3656 “bigebbi'tdbba
490 3543 559 3657 ἐπὶ.
578 3614 639 3658 ante
662 3607 827 3658 oroma-s
845 3606 991 3672 cujuqm
1006 3607 1156 3658 irtmtrrr
1175 3614 1275 3672 coptam
1293 3601 1350 3653 lidd-

266 3681 327 3720 ante
340 3671 505 3721 (tronea—9
522 3673 564 3722 ΑΙ.
575 3673 718 3736 stipendium
727 3690 751 3736 q.
761 3673 1015 3732 rumonim—lt
1033 3674 1146 3735 Captivos
1158 3674 1191 3728 Q.
1205 3673 1286 3724 Falsis
1295 3668 1351 3718 cre·
1437 3710 1438 3717 ,

266 3736 393 3788 rien—ll
413 3737 486 3800 conj.
503 3735 529 3790 J.
547 3737 576 3786 F.
589 3735 704 3786 Gronov.
715 3743 868 3801 propretore.
902 3737 987 3786 Voces
999 3737 1030 3788 L.
1042 3738 1139 3788 aedan
1149 3752 1164 3785 a
1175 3751 1214 3788 rr.
1226 3739 1287 3788 ntra
1296 3745 1349 3782 ut·
1436 3752 1437 3795 ς

762 3897 871 3950 NOTAE

298 4021 310 4048 s
328 4013 482 4062 Frumentum
489 4013 610 4077 oedssbm]
621 4012 795 4064 Quemadmo·
835 4012 934 4064 tectum
946 4011 1103 4062 numentum
1119 4013 1216 4077 popaio
1232 4001 1347 4061 eruduit

266 4087 327 4137 dum
340 4089 371 4137 ad
384 4101 524 4153 quaererer
542 4090 658 4152 pecunlae
675 4090 796 4153 publica,
836 4089 990 4140 instituite:
1001 4082 1348 4152 suetoniozqnoedirisierin·

267 4164 304 4213 ita
323 4165 354 4212 ud
368 4167 457 4215 aediles
470 4167 572 4216 curules
584 4167 735 4230 pertinebat
751 4181 795 4215 au·
836 4167 903 4229 polla
925 4166 1056 4215 mensibus
1079 4181 1126 4229 per
1146 4173 1255 4214 tesseras
1273 4158 1349 4213 iiebtl»

267 4253 341 4290 neure
360 4255 431 4292 curo.
463 4243 559 4291 Postea
579 4242 712 4306 Arignotus
729 4253 796 4306 prra-
836 4242 922 4308 pretio
934 4243 975 4292 vel
987 4241 1067 4298 uuile,
1079 4241 1120 4291 rel
1131 4239 1244 4290 modice.
