2917 4767
374 402 482 451 nrsrrr
508 404 590 452 xrv.
612 401 939 455 surrnnunuruu.
1128 390 1214 458 1483

73 542 203 611 iu'msst3
232 552 266 603 et
287 544 318 602 in
341 563 453 622 magna
472 544 689 605 existimatione
706 546 787 625 apud
802 544 1043 609 Grecos'barbs·
1059 558 1211 624 Diospva·
1282 524 1296 585 ',

71 660 190 719 rosque
209 647 306 707 esset3
331 638 458 718 aliisque
481 639 692 699 beneficiorum
713 642 865 713 memoria,
883 642 950 702 aliis
965 652 1044 703 metu
1058 624 1103 674 ¹²⁸·

72 735 467 806 devinet'n‚abAEtolorum
476 746 564 815 geute
572 737 755 817 temporibus
763 736 825 797 istis
832 738 1045 819 potentissima,

73 834 211 912 ipsisque
225 830 459 902 discedentibus,
473 840 617 912 praterea
630 831 802 917 lllyriorum
815 834 923 912 regulis
934 832 1045 895 coleress

74 938 138 989 tur.
181 927 330 987 Cetenrm
349 928 414 987 haee
435 929 480 987 ita
494 928 645 1007 jactabat,
658 929 753 1007 tnagis
765 938 799 988 ut
812 929 976 989 desciscere
991 951 1044 1011 pa·

73 1034 181 1083 rantes
193 1024 294 1084 socios
307 1023 338 1081 in
346 1021 408 1082 lide
421 1024 569 1092 retineret,
582 1022 676 1083 donec
685 1032 788 1103 aperto
797 1024 836 1084 ad
847 1025 1044 1103 navigandum

75 1121 154 1179 mari
176 1138 305 1197 regnum
325 1128 457 1199 repetere
478 1126 588 1199 posset,
610 1137 700 1197 quam
712 1117 803 1197 'quod
826 1128 878 1179 aut
890 1120 1003 1180 belluni
1014 1123 1043 1181 in

75 1214 173 1274 Italia
186 1215 361 1295 continuare
371 1214 474 1284 vellet,
489 1223 542 1273 aut
554 1234 691 1291 magnam
704 1234 787 1294 spem
800 1215 829 1273 iu
844 1217 1044 1276 transmarinis

74 1310 205 1369 auxiliis
216 1311 361 1369 haberet(
396 1309 533 1369 Dimissis
552 1318 650 1368 tamen
670 1310 783 1369 circum
796 1310 880 1369 Asius
895 1310 1040 1373 Macedo·

72 1408 201 1484 uiasque
223 1406 439 1485 regas'legatis,
457 1407 498 1465 ab
520 1405 587 1465 aliis
599 1405 767 1485 pecuniam,
781 1406 820 1465 ab
833 1407 900 1467 aliis
912 1408 1037 1479 auxilia,
1051 1410 1155 1463 Paman.
1164 1415 1179 1464 l·
1186 1430 1205 1465 1.

72 1502 115 1560 ab
129 1501 302 1579 Antigono,
315 1502 367 1580 qui
382 1500 598 1561 Macedoniam
619 1502 750 1571 tenebat,
773 1508 1037 1583 utrumqua'postu·
1051 1508 1159 1623 Σξιιινιιῐὲι.

74 1596 172 1656 labat.
1109 1606 1116 1621 '
1144 1606 1151 1622 ⁸

114 1698 168 1751 86.
190 1690 268 1751 Hac
279 1712 332 1771 spe
346 1700 508 1771 utcumque
516 1701 633 1753 retenta
643 1692 788 1753 sociorum
795 1694 957 1764 voluntate,
970 1714 1038 1753 cum
1050 1699 1157 1751 Prusm.

73 1788 192 1847 interea
201 1787 423 1849 dissimulanter
436 1788 536 1849 omnia
547 1790 710 1868 paravisset
718 1788 758 1849 ad
766 1789 936 1861 discessum,
948 1790 1037 1869 legati
1068 1796 1179 1860 Polym.

73 1902 146 1943 curn
172 1883 265 1942 literis
290 1884 330 1941 ab
351 1882 508 1961 Antigono
529 1884 688 1944 redierunt
745 1882 929 1946 Convocatis
952 1888 1039 1962 igitur
1050 1860 1121 1909 Μ’
1131 1866 1200 1912 Μ·

73 1997 196 2037 suorum
211 1976 416 2056 Italorumquc
432 1978 625 2058 principibus,
647 1999 706 2038 uon
725 1980 845 2059 quidem
864 2000 938 2058 quas
952 2000 1039 2039 acce·

73 2083 160 2152 perat
182 2073 287 2132 literas
306 2074 454 2143 recitarit,
484 2072 537 2132 scd
557 2072 679 2133 fictitias
704 2076 790 2145 alias,
812 2075 919 2154 quibus
948 2075 1038 2157 poulo

74 2178 140 2247 post
152 2169 194 2228 ab
203 2168 362 2245 Antigono
369 2168 484 2228 auxilia
492 2188 601 2246 magna
610 2168 739 2229 affutura
748 2190 811 2230 esse
821 2170 1036 2231 continebatur.

74 2263 149 2323 Hoc
159 2273 229 2323 astu
241 2283 302 2323 uon
311 2264 398 2322 soeiis
412 2262 500 2323 modo
512 2262 633 2334 delusis,
645 2263 698 2323 sed
710 2266 801 2326 etism
815 2264 974 2337 Romanis,
984 2268 1035 2345 qui

75 2360 246 2438 propinquo
258 2359 328 2417 loco
340 2358 508 2437 presidium
516 2360 681 2436 egitabant,
692 2370 851 2421 consecuta
864 2368 950 2421 nocte
962 2362 1037 2421 citra

73 2453 168 2512 ullum
201 2452 449 2532 impedimentum
471 2452 541 2512 vela
569 2453 654 2525 fecit,
679 2453 898 2535 Cerauniosqne
923 2466 1037 2517 montes

74 2549 177 2629 (Epiri
190 2548 223 2607 id
240 2549 474 2628 promontorium
487 2553 545 2626 est)
558 2550 662 2608 tenuit.
703 2549 765 2610 Sed
785 2572 844 2630 quo
858 2552 963 2611 minori
977 2560 1037 2610 tur*
1145 2558 1149 2566 '

74 2643 210 2722 piurdine
229 2642 391 2703 deseruisse
414 2642 526 2703 bellum
548 2644 706 2716 videretur,
721 2644 853 2725 fidesque
866 2646 1036 2707 hominibus

73 2738 167 2809 lieret,
180 2739 321 2819 perlectis
334 2740 441 2817 quibus
462 2748 602 2798 evocatus
619 2749 697 2799 esset
718 2742 816 2809 rebus,
842 2760 1033 2811 reversurum,

75 2832 224 2893 Milonem
241 2833 281 2892 ad
295 2833 459 2893 custodiam
478 2833 732 2896 arcis'l'arentinae
745 2835 875 2913 reliquit,
889 2838 986 2915 eique,
1001 2844 1034 2895 ut

74 2950 130 2990 non
140 2928 232 3011 modo
243 2932 299 3007 spe'
309 2930 509 3008 praemiorum,
517 2928 570 2988 sed
583 2930 672 2989 etiarn
694 2930 774 3009 paris
796 2929 880 2988 exitii
900 2940 980 2989 metu
1001 2932 1031 2990 in
1043 2942 1128 2995 zoam

74 3025 132 3085 fide
154 3033 302 3094 maneret,
320 3022 428 3083 sellam
450 3022 549 3092 dedit,
570 3025 656 3101 cnjus
681 3024 746 3083 lora
765 3022 856 3083 erant‘
874 3044 912 3083 ex
930 3024 1031 3084 Niciae

74 3119 161 3199 pelle,
183 3138 275 3198 quem
295 3119 454 3197 compertis
472 3120 503 3177 in
524 3128 616 3199 eaput
636 3139 722 3178 suum
740 3119 853 3179 insidiis
872 3119 1031 3181 occiderat.

75 3214 159 3274 Huic
173 3215 265 3291 igitur
273 3212 380 3273 addito
395 3212 533 3292 prasidio
549 3212 688 3284 rnilitum,
710 3234 778 3276 curn
800 3215 906 3274 ceteris
926 3216 1030 3294 copiis,

74 3321 140 3370 octo
151 3309 291 3390 peditum
304 3308 412 3378 millia,
433 3309 585 3387 quingenti
605 3312 720 3389 equites
733 3320 828 3381 erant,
842 3319 927 3371 sexto
940 3330 1029 3389 quam
1058 3312 1123 3361 Plut.
1133 3314 1160 3364 in

75 3407 312 3473 stiventonae,
326 3404 839 3484 petriuminregnumrerersusest.
1041 3376 1102 3441 17¹¹
1101 3380 1141 3437 '¹⁰'
1151 3382 1192 3429 ⁶⁰⁶

86 3553 90 3557 .
112 3508 163 3563 ³7.
179 3498 303 3559 Interea
313 3498 423 3559 Roma
434 3519 502 3559 cum
511 3500 632 3573 comitia
641 3499 830 3561 consularia²
841 3502 1029 3574 haberentur,

73 3596 264 3675 Pyrrhrmque
285 3594 397 3654 bellum
418 3595 631 3655 instauraturus
647 3605 808 3675 putaretur,
831 3595 886 3656 M'.
906 3598 1029 3657 Curium

73 3692 150 3751 refici
162 3688 340 3775 consuleml
360 3688 482 3769 placuit,
503 3689 586 3767 quod
602 3710 680 3775 ‚unus
703 3691 755 3751 ille
773 3691 912 3753 adversus
931 3712 1028 3770 regern

72 3788 324 3866 optimgestare,
333 3784 374 3843 ad
386 3771 500 3864 reliqua
514 3805 633 3863 quoque
642 3785 715 3845 belli
725 3787 793 3867 plus
801 3788 985 3847 auctoritatis
998 3796 1029 3845 et

74 3884 195 3944 iortunae
216 3882 365 3944 allaturus
382 3866 538 3942 videretur.
583 3881 633 3941 En
653 3884 785 3964 patriciis
797 3884 860 3944 Ser.
874 3880 1028 3943 Cornelius

99 4026 115 4072 ³
132 4022 200 4074 Edd.
213 4026 270 4073 snt.
283 4020 405 4074 Crsrisr.
418 4019 562 4071 emerint«.

462 4145 609 4168 ΙΙΙΝΙΝΜ
612 4146 641 4166 u

360 4230 373 4263 l
392 4230 424 4281 Α.
436 4230 470 4281 U.
483 4231 514 4281 C·
525 4234 583 4281 trs.
601 4230 635 4278 Α.
647 4228 677 4279 C.
688 4232 746 4277 271.
