2917 4767
39 410 48 543 l

404 374 507 424 unsar
534 373 605 423 xx.
628 370 954 425 auennnunuruu.
1148 358 1234 425 1631

104 518 253 595 mimus
267 516 375 577 eodem
388 514 424 576 L.
439 516 622 587 Postumius,
633 518 684 597 qui
699 517 857 582 Brundisio
867 520 1071 599 monoceron

107 633 181 673 mum
201 612 393 692 ροὼαιὶδιιι
411 613 520 693 copiis:
543 614 676 694 peditum
697 613 736 677 ad
754 615 857 695 viginti
868 614 1069 685 milliueraut,

36 743 37 753 κ
106 710 247 787 equitum
266 708 339 769 duo.
391 708 545 771 &meana
567 709 772 789 Apolloniatae
794 709 901 791 cupide
921 730 1068 791 recepere,

106 824 202 883 seque
214 803 289 863 fidoi
303 804 421 875 illorum
434 804 591 865 tredidere.
634 804 688 864 Ab
702 806 759 867 bac
773 805 898 867 liberata
916 806 1015 866 naum
1030 805 1069 865 od

109 898 342 978 Dyrrhachium
363 900 444 959 itum.
487 898 526 961 Id
549 920 667 980 quoque
692 900 897 961 Romanorum
918 900 1069 981 extemplo

107 996 237 1068 factum,
256 997 298 1057 sd
317 996 427 1057 lemaro
446 997 630 1059 advenientis
652 998 800 1059 exercituo
818 996 940 1078 dilapsis
959 1016 1068 1078 pavore

108 1091 240 1172 Illyriis,
258 1094 313 1171 qui
333 1092 467 1153 obsidere
489 1094 593 1153 urbem
615 1102 773 1173 coeperant.
815 1092 931 1154 Fodem
954 1094 1066 1173 impetu

107 1208 181 1266 gens
202 1188 405 1266 Artlyteonum
419 1187 458 1248 ad
471 1188 650 1249 deditionem
663 1198 770 1251 coacta
781 1196 843 1249 eet:
865 1198 1066 1269 veneruntque

106 1284 148 1342 sb
169 1284 313 1343 ulteriore
332 1282 457 1363 Illyrico
474 1284 566 1363 legati
578 1286 725 1345 rariunum
744 1285 908 1357 nationum,
922 1285 1067 1364 imperato

108 1378 243 1438 fecturus
251 1400 321 1438 auos
332 1379 503 1459 pollicitati
516 1381 548 1441 in
561 1380 723 1441 amicitiam
733 1380 926 1459 recipiantur:
948 1399 986 1439 ex
997 1381 1064 1459 qui·

109 1474 166 1534 bum
189 1474 330 1535 Parthini
352 1475 482 1547 luerunt,
500 1486 532 1535 et
552 1475 721 1535 Atintanes.
764 1475 919 1535 Plurimus
939 1474 979 1535 ad
1000 1476 1063 1535 hec
1091 1495 1199 1562 Appon.

108 1590 177 1629 ustus
191 1569 340 1630 Demetrii
354 1571 460 1631 Pbarii
474 1570 541 1641 luit,
552 1572 606 1651 qui
619 1590 638 1630 u
650 1569 822 1629 consulibua
833 1570 1061 1640 circumductus,
1074 1558 1166 1675 ¹¹2¹&
1188 1635 1214 1675 ot

106 1664 197 1724 robur
218 1674 253 1724 et
272 1664 362 1725 fidem
382 1666 585 1726 Romanorum
605 1664 787 1735 extollendo,
801 1664 963 1745 Teutaeque
981 1667 1062 1725 iucu·
1073 1661 1174 1755 Polyb·

105 1760 199 1819 mdo
221 1762 420 1821 temeritatem
442 1772 474 1822 ct
493 1762 730 1832 mcoaatantiam,
755 1761 829 1820 alios
849 1762 1010 1820 rationibus
1032 1771 1063 1820 et

105 1856 331 1927 canaliculos
351 1859 526 1917 auctoritate
544 1878 599 1918 cuia
615 1856 655 1917 ad
672 1857 844 1919 societatem
857 1856 1061 1915 Romanorum

106 1951 288 2013 adducebat.

145 2054 197 2107 29.
221 2048 301 2109 Post
317 2051 382 2111 hmo
401 2049 440 2109 ad
454 2050 549 2111 Isau
562 2070 664 2111 cursus
678 2048 845 2108 institutus:
868 2056 900 2107 et
913 2050 987 2108 inter
1007 2069 1059 2107 na-

105 2143 270 2221 uigandum
288 2146 389 2205 multis
406 2146 479 2205 loeis
488 2148 679 2207 exscensione
691 2144 783 2214 lucta,
797 2143 937 2223 pleraque
949 2145 1060 2225 oppida

105 2238 308 2318 leri-negotio
324 2252 414 2322 captu
432 2252 507 2302 sunt
550 2240 585 2301 N
588 2242 663 2303 utria
681 2250 798 2300 strenue
816 2241 855 2298 ab
875 2238 988 2320 Illyriis
1006 2240 1066 2299 de·-

103 2333 186 2394 lenn
211 2346 268 2406 eet,
292 2336 443 2417 multoque
464 2340 606 2417 sanguine
624 2338 758 2397 constitit
776 2337 911 2407 victorio,
932 2337 1059 2397 tribunis

101 2432 196 2490 etiam
208 2432 400 2509 quibusdam,
413 2444 443 2491 et
455 2442 599 2512 quaestore
615 2430 794 2492 desideratis.
836 2431 932 2509 Cujus
951 2434 993 2491 rei
1014 2431 1056 2491 le·

102 2527 218 2585 riorem
235 2526 369 2585 dolorem
388 2525 522 2587 lecerunt
542 2526 631 2585 lembi
652 2528 770 2603 viginti,
784 2548 858 2603 quos
873 2546 942 2585 cuin
958 2527 1059 2607 praede

101 2631 134 2683 et
154 2624 285 2702 pecunia
304 2642 344 2681 ex
365 2621 574 2702 Peloponneso
590 2622 741 2681 venientes
759 2619 890 2679 Romani
904 2642 1056 2701 excepere.
1068 2644 1125 2695 Dio.

101 2717 173 2777 Jam
193 2717 232 2776 ad
256 2717 350 2777 Isarn
363 2725 482 2776 ventum
495 2726 568 2776 erat
612 2715 674 2785 Ibi,
687 2714 809 2794 perinde
822 2724 855 2775 ut
867 2715 906 2773 ad
921 2715 1192 2810 Dyrrha-Polym

101 2814 204 2873 obium
226 2812 387 2883 acciderat,
401 2811 529 2873 adventu
549 2811 696 2872 Romanus
714 2810 818 2870 elassis
831 2810 948 2869 obsidio
960 2812 1058 2871 soluta

102 2908 334 2979 est‚dive1sa.in
357 2908 423 2967 loca
444 2907 666 2986 diffugientibus
683 2907 828 2976 barbaris,
845 2915 951 2987 preter
971 2907 1055 2967 Pha-

102 3008 171 3075 rios,
194 3006 248 3085 qui
275 3007 304 3065 in
331 3007 455 3083 gratim
479 3004 637 3077 Demetrii,
660 3003 741 3085 quod
764 3024 803 3063 ex
829 3004 933 3064 eadem
960 3006 1057 3065 insula

101 3112 195 3172 uos,
207 3102 296 3180 eique
311 3102 368 3160 sub
388 3100 510 3179 Agrone
529 3102 684 3182 prefectus
701 3100 808 3171 fuerat,
823 3101 994 3180 corporibus
1009 3122 1055 3160 re·

102 3202 218 3279 binaque
239 3198 329 3259 salvis
347 3199 378 3257 iu
392 3198 481 3259 fidem
494 3200 609 3279 accepti
621 3207 697 3258 sunt.
741 3196 822 3257 Haec
842 3196 944 3255 audita
962 3199 1053 3259 insta-

102 3296 195 3355 bilem
215 3294 319 3354 Teute
343 3296 472 3354 animum
495 3296 575 3355 varie
597 3302 761 3363 moverunt,
782 3293 994 3373 alternantibus
1015 3294 1052 3353 ti·

103 3392 191 3451 moris
217 3399 248 3449 et
273 3390 389 3450 fiducie
414 3392 521 3451 causis.
564 3389 648 3451 Num
673 3390 751 3449 sicut
772 3391 879 3449 amima
901 3400 932 3449 et
953 3389 1052 3449 deleta

102 3487 226 3567 oppidu,
239 3496 363 3546 vastatae
382 3487 535 3545 maritime
555 3488 697 3564 regiones,
713 3485 809 3545 ubivis
825 3487 935 3565 fugatae
949 3486 1050 3567 Illyri·
1077 3501 1192 3556 omme,

102 3602 183 3643 orum
197 3582 304 3661 copie,
317 3593 425 3641 metum
439 3584 467 3641 ei
480 3584 640 3641 maximum
655 3583 847 3649 incusserant;
870 3583 913 3641 ita
922 3584 1050 3642 vicissim
1063 3570 1103 3618 ¹³·

101 3698 181 3759 apem
195 3678 289 3737 debat
302 3676 496 3737 Nutrinorum
510 3677 646 3748 audacie,
660 3685 690 3736 et
703 3678 864 3757 hybernum
871 3679 937 3756 jum
958 3698 1049 3747 mare,
1060 3709 1118 3759 Dio.

102 3778 185 3853 cujus
206 3774 362 3833 formidine
378 3776 496 3835 rebatur
510 3773 663 3834 Romanos
675 3776 736 3833 cito
749 3774 919 3852 repetituros
930 3766 1049 3832 domum

101 3888 171 3929 esse.
215 3868 324 3948 Itaque
345 3868 512 3929 Rhizonem
534 3870 673 3950 oppidum
695 3868 859 3947 cognomini
881 3866 971 3926 fluvio
993 3869 1144 3963 im·P015b.

100 3967 226 4045 positum
249 3986 316 4025 cum
338 3966 439 4043 paucis
461 3986 491 4025 se
514 3967 649 4036 contulit,
672 3974 864 4046 expectatura
889 3964 1048 4025 remedium

101 4062 177 4140 quod
202 4070 318 4141 tempus
337 4060 462 4121 offerret.
509 4062 644 4123 Alebent
664 4081 771 4123 vanam
795 4060 960 4140 opinionem
980 4068 1048 4119 acta

100 4158 261 4229 consulum,
279 4157 342 4241 qui,
362 4156 501 4239 pleraque
517 4168 601 4239 parte
622 4159 771 4239 regionum
791 4176 866 4237 quus
883 4175 1045 4236 oocupare-
