2917 4767
222 355 317 424 -1778
446 451 454 480 ι
704 369 740 418 s.
767 367 859 418 nrvrr

229 515 337 601 premi
359 533 400 578 ac
423 511 577 578 laborare
595 520 747 578 senserat
772 529 864 588 suus,
888 511 1029 594 impigre
1054 511 1185 576 terebat
1210 529 1341 594 opem3
1434 526 1438 535 ·

229 615 480 699 insignemque‘
501 614 646 679 armiset
659 612 777 678 hostes
791 631 921 678 summa
936 611 972 676 vi
990 612 1187 695 petebant,¹4
1210 619 1253 676 et
1271 619 1346 675 tue·

229 721 351 784 bantur
366 717 481 781 cives:
504 716 614 780 donec
630 715 772 780 Insuber
790 733 896 797 eques
909 713 1078 804 (Ducario
1098 733 1221 778 nomen
1246 711 1343 794 erat)

229 820 317 885 facie
331 837 468 902 quoque
489 819 700 895 noscitans,¹⁵
723 815 882 893 ‘Consul
905 814 971 892 en,’
994 816 1112 898 inquit,
1133 816 1211 880 ‘bic
1236 813 1346 892 est,’¹⁶
1443 813 1444 878 3

229 921 451 1005 popularibus
462 919 545 994 suis,
568 919 646 1002 ‘qui
658 918 810 1000 legiones
825 924 958 982 nostras
970 916 1104 993 cecidit,
1119 935 1293 999 agrosque
1309 922 1346 980 et

231 1023 348 1087 urbem
371 1027 424 1085 est
442 1021 686 1104 depopulatus:
708 1020 782 1102 jum
801 1037 863 1100 ego
883 1019 971 1084 hanc
990 1020 1160 1084 victimam
1175 1019 1344 1082 manibus

231 1131 455 1206 peremturum
477 1121 567 1188 loede
592 1121 732 1185 ciuium¹
751 1120 879 1185 dabo:'
902 1121 1116 1204 subditisque
1138 1120 1343 1199 calcaribus

232 1245 333 1309 equo,
347 1243 406 1306 per
421 1222 700 1288 confertissimam
725 1221 872 1286 bostium
888 1222 1019 1286 turbam
1046 1222 1213 1303 impetum
1231 1221 1340 1285 tacit:

231 1327 498 1407 obtruncatoque
524 1323 620 1404 prius
640 1323 816 1405 armigero,
836 1323 895 1406 qui
914 1341 951 1388 se
975 1322 1095 1387 infesto
1113 1323 1264 1388 venienti
1281 1323 1342 1386 ob-
1444 1389 1445 1404 χ

230 1429 319 1492 viam
336 1427 515 1508 objecerat,
541 1423 714 1488 consulem
739 1424 855 1488 lancea
878 1424 1056 1490 transfixit.
1099 1424 1264 1507 Spoliare
1280 1443 1343 1488 on·
1444 1453 1445 1482 1

231 1529 373 1612 piantem
395 1527 501 1592 triarii
527 1525 670 1609 objectis
697 1526 806 1590 sentis
822 1533 847 1574 ¹⁷
870 1543 1018 1591 arcuere.
1062 1525 1197 1608 Magnae
1225 1526 1340 1609 partis

230 1630 310 1713 fuga
323 1629 400 1694 inde
414 1629 557 1711 primum
572 1627 699 1710 ooepit:
722 1627 839 1710 etjam
854 1645 916 1692 nec
935 1627 1263 1704 lacessentesque
1278 1630 1343 1693 ob-

231 1733 368 1796 stabunt
382 1732 511 1814 pavori.
556 1731 624 1796 Por
644 1731 757 1794 omnia
773 1739 866 1822 arcta
879 1737 1116 1813 prampuque
1135 1731 1229 1794 velut
1251 1730 1341 1818 cneci

230 1833 398 1898 evadunt:
419 1851 576 1916 armaque
601 1839 636 1896 et
653 1833 716 1896 uiri
740 1850 842 1913 super
862 1830 963 1895 alium
988 1831 1047 1894 alii
1066 1830 1340 1914 praecipitantur.

231 1935 317 1999 Pars
331 1954 463 2017 magna,
478 1936 534 1998 ubi
549 1933 646 2000 locus
660 1933 750 2015 fugae
770 1933 881 2008 deest,
895 1951 956 2016 per
971 1933 1078 2015 prima
1093 1932 1181 1996 vada
1195 1933 1339 2014 paludis
1445 1955 1446 1986 l

231 2037 412 2120 inaquam
437 2037 618 2120 progressi,
642 2035 757 2119 quoad
783 2033 956 2117 capitibus
981 2033 1194 2116 humerisque
1219 2043 1339 2100 extero
1442 2031 1446 2096 l

231 2144 384 2220 possunt,
401 2157 477 2201 sese
503 2139 712 2218 immergunt.
758 2134 879 2211 Fuere,
894 2153 981 2217 quoe
998 2134 1206 2199 inconsultus
1228 2155 1339 2219 pavor

232 2237 342 2301 nando
355 2239 458 2302 etiam
474 2255 653 2320 capessere
669 2237 780 2319 fugam
795 2235 976 2318 impulerit.
999 2236 1087 2315 Ques
1102 2237 1159 2300 ubi
1173 2237 1339 2302 immense

232 2355 275 2401 ao
298 2339 373 2401 sine
397 2344 586 2422 spueret·
609 2345 669 2402 aut
693 2337 926 2402 deficientibus
949 2337 1072 2402 animis
1097 2338 1341 2404 hauriebantur

236 2439 432 2522 gurgitibus,
448 2447 506 2503 aut
519 2440 745 2524 nequicquam
760 2438 843 2504 sessi
859 2438 947 2504 vada
959 2445 1046 2503 retro
1060 2440 1231 2518 aegerrime
1246 2460 1340 2526 repe·

233 2540 387 2616 tubant,¹⁸
411 2549 514 2624 atque
538 2541 587 2605 ibi
609 2541 654 2607 ab
668 2542 829 2624 ingressis
850 2560 971 2624 aquam
996 2541 1141 2606 bostium
1166 2544 1339 2628 equitibus

232 2643 361 2724 passim
374 2643 634 2708 tmcidubuntnr.
675 2643 749 2708 Sex
763 2643 869 2708 millia
881 2642 980 2708 ferme
995 2645 1093 2725 primi
1107 2644 1263 2726 agminis,
1279 2665 1340 2732 per

236 2743 399 2810 adversos
423 2745 540 2810 hostes
561 2744 739 2829 emptione
763 2746 905 2828 impigre
929 2745 1031 2820 sacta,
1045 2745 1150 2828 ignari
1174 2749 1353 2824 omnium,

234 2866 311 2929 quae
326 2853 407 2930 post
421 2867 459 2912 se
474 2854 662 2928 agerentur,
677 2865 723 2909 eu
738 2845 825 2909 saltu
842 2864 988 2910 evasere.
1013 2846 1067 2924 Et,
1078 2866 1153 2911 cum
1164 2849 1198 2910 in
1210 2851 1340 2914 tumulo

234 2948 380 3032 quodam
395 2949 640 3025 constitissent,
662 2948 840 3011 clamorem
857 2948 958 3011 modo
976 2966 1018 3011 ac
1035 2967 1152 3012 sunum
1168 2969 1340 3016 armorum

236 3049 424 3125 audientes,
440 3069 518 3134 quae
538 3049 670 3113 fortuna
681 3067 804 3132 pugnae
819 3055 924 3124 esset,
938 3069 1047 3134 neque
1068 3050 1167 3127 scire,
1187 3071 1251 3116 nec
1267 3071 1339 3136 per·

233 3150 363 3234 spicere
372 3158 398 3200 ¹⁹
410 3171 478 3234 proe
490 3150 633 3233 caligine
649 3156 810 3234 poterant.
856 3149 1025 3216 luclinata
1036 3151 1182 3236 denique
1199 3173 1248 3230 re,
1262 3175 1340 3219 cum

236 3253 458 3317 incalescente
472 3251 547 3317 sule
563 3252 715 3336 dispulsa
736 3253 859 3318 nebula
880 3252 1070 3336 aperuisset
1095 3255 1194 3333 diem,
1210 3263 1283 3320 tum
1300 3256 1340 3321 li·

238 3355 343 3438 quida
352 3355 424 3435 jam
439 3354 514 3417 luce
536 3361 668 3418 montes
692 3353 868 3437 campique
891 3356 1040 3437 perditas
1057 3374 1109 3419 res
1125 3363 1337 3442 stratamque

236 3454 413 3520 ostendere
437 3453 527 3519 foede
545 3454 733 3519 Romanam
751 3457 869 3520 aciem.
913 3455 1047 3540 Itaque,
1065 3478 1108 3522 ne
1123 3460 1159 3523 iu
1173 3480 1340 3546 conspec·

269 3651 281 3685 Ι
298 3651 400 3714 Repete
412 3665 427 3699 e
439 3649 558 3712 proximu
570 3653 695 3708 msam,
708 3652 762 3701 sive
772 3669 833 3705 eum.

264 3715 279 3750 ἲ
292 3717 395 3767 usuam
404 3729 485 3776 serape
498 3714 633 3764 rmum.

267 3790 286 3816 ¹¹
304 3785 367 3832 Gaas
375 3779 534 3842 aiturtmu
543 3781 804 3845 perlemaeaflrru
813 3783 918 3842 lateret,
928 3799 970 3835 nec
980 3799 1044 3849 spem
1053 3787 1176 3836 emderdi.

269 4043 300 4089 lt
319 4039 381 4087 Emt
400 4047 446 4088 aut
457 4052 505 4087 rue
520 4037 590 4103 conj.
601 4039 764 4090 Rauen-lt
783 4040 853 4091 Olim
864 4042 1001 4106 legebatur
1011 4041 1157 4105 imigsirque
1167 4046 1244 4094 umis
1254 4052 1277 4095 et
1289 4048 1338 4098 les·

237 4110 284 4153 tem
293 4118 383 4151 summ
393 4105 418 4150 ui
427 4103 592 4165 petebat—lu
611 4102 654 4153 st.
662 4107 734 4154 donec
745 4105 846 4155 [nuber
857 4122 948 4171 equum,
962 4107 1067 4156 Dururio
1077 4121 1159 4156 nemra
1170 4114 1232 4170 erut,
1239 4111 1339 4171 serim.

236 4183 281 4233 que
290 4169 483 4242 muitum-316
499 4169 562 4216 Put.
576 4168 807 4234 Constemiaquit,
818 4171 855 4220 bie
864 4174 974 4220 este-lt
991 4170 1204 4234 Abruptum-18
1221 4175 1293 4224 Olim
1305 4181 1338 4228 te·

238 4232 347 4297 gebatur
357 4235 399 4279 aut
411 4229 452 4279 atr
461 4231 612 4295 requieque·
625 4231 811 4299 seminaveruut,
820 4243 885 4288 retro
894 4235 1020 4297 egerrime
1029 4240 1120 4287 turma
1128 4239 1339 4301 reposcunt-ru
