2917 4767
250 370 338 437 acta
721 384 758 433 r.
783 382 878 431 nrvrr

247 528 434 604 loediorom,
460 544 528 589 non
550 524 654 591 axilio
678 525 800 603 solnm,
823 524 1004 590 sedetiam
1019 532 1141 605 morto,
1159 528 1354 593 scrviurtem

250 630 428 714 patiantur.
473 627 550 691 Noc
574 625 702 691 caedom
722 626 900 691 nefandam
920 629 1088 693 sociorum
1110 628 1264 694 inultam
1289 630 1358 695 Ro-

251 748 367 795 munos
382 748 554 812 passuros.
597 728 720 811 Itaque
734 728 766 791 si
779 731 841 799 ais,
856 729 915 810 qui
934 729 979 792 ud
995 748 1033 794 so
1054 730 1292 813 perfugerint,⁸
1307 740 1356 797 tn·

253 837 307 896 tos
330 831 366 894 iu
384 830 531 913 patriam
548 829 677 895 ruditus
697 835 824 911 puteat,
842 831 973 895 oaedis⁹
987 828 1167 895 unctoros¹
1184 832 1358 911 dedantur,

253 939 289 999 ct
309 933 449 998 libertas
475 932 631 1015 legesque
653 932 876 1015 Syracusanis
898 931 1126 1009 restituantur,
1148 932 1236 997 nibil
1259 936 1360 999 armis

256 1054 345 1120 opus
359 1054 445 1100 osso.
487 1034 528 1099 Si
542 1053 584 1100 sa
596 1053 662 1098 uon
675 1032 769 1110 fiant,
789 1034 994 1118 quicumque
1016 1033 1053 1095 in
1073 1052 1170 1097 mora
1194 1035 1252 1113 sit,
1273 1032 1361 1100 bollo

256 1135 513 1220 persecuturos?
555 1134 612 1200 Ad
637 1153 680 1198 ea
699 1134 882 1219 Epicydes,
904 1134 966 1197 ‘Si
987 1152 1058 1216 qua
1076 1134 1118 1197 ad
1142 1152 1180 1197 ss
1198 1134 1362 1199 mandata

256 1232 442 1313 ltaborcut'¹
456 1251 653 1319 responsum
667 1232 741 1311 cis,'
756 1237 815 1311 ait,
837 1238 902 1299 ‘so
927 1232 1064 1297 daturos
1082 1233 1210 1298 inisse:
1234 1252 1317 1299 cum
1328 1236 1362 1299 in
1455 1256 1456 1273 ³

259 1356 385 1410 sorum,
400 1335 443 1399 ad
459 1354 545 1419 quos
561 1334 717 1411 vonerint,
733 1352 834 1398 manu
855 1352 910 1399 ros
930 1332 1146 1417 Syracusana
1167 1342 1279 1413 esset,
1294 1340 1363 1400 tum
1455 1320 1456 1327 ἵ

260 1442 512 1500 reverterentur.
564 1435 602 1498 Si
629 1436 719 1499 bello
745 1436 926 1509 lacessant,
953 1436 1093 1517 ipsura
1118 1434 1365 1512 intellecturos,

262 1554 474 1619 nequaquam
489 1534 578 1599 idem
593 1554 668 1598 osso
678 1536 868 1618 Syracusas
883 1553 925 1599 ac
939 1532 1126 1598 Leontinos
1142 1535 1364 1617 oppugnare!
1455 1538 1456 1543 ’

264 1637 321 1701 Itu
338 1636 457 1718 legatis
477 1635 613 1712 relictis,
631 1642 745 1719 portus
765 1636 899 1701 clausit.
943 1634 1027 1699 Indu
1048 1643 1137 1709 terra
1152 1637 1305 1718 marique
1320 1638 1365 1700 si·

265 1735 336 1801 mul
350 1742 475 1817 ooeptur
489 1738 674 1818 oppugnari
689 1736 888 1819 Syracusa:
903 1742 988 1799 terra
1002 1736 1046 1800 ab
1061 1736 1261 1820 Hexapylo,
1275 1736 1368 1799 mari

266 1838 310 1901 ab
328 1834 527 1912 Achradina,
540 1837 636 1919 cujus
654 1856 770 1900 murus
791 1836 895 1901 fluctu
917 1836 1063 1901 alluitur.
1108 1836 1153 1901 Et
1168 1838 1261 1919 quia,
1276 1838 1368 1901 sicut

266 1936 448 2001 Leontinos
468 1942 589 2001 temore
612 1954 654 2001 ac
678 1938 784 2020 primo
809 1936 938 2019 impetn
961 1944 1127 2021 ceperant,
1147 1956 1215 2001 non
1238 1934 1368 2000 diffide-

266 2039 363 2113 bunt,
383 2040 512 2101 vasum
531 2037 777 2120 disjectumque
796 2038 909 2120 spatio
932 2039 1044 2102 orbem
1068 2044 1162 2120 purte
1190 2036 1311 2119 aliqua
1332 2054 1367 2099 sa

268 2140 456 2214 invasuros,
470 2156 601 2202 omnum
614 2143 812 2222 apparatum
828 2137 1130 2221 oppugnandarum
1144 2138 1281 2202 urbium
1296 2154 1367 2200 mn·

267 2240 316 2302 ris
331 2237 562 2303 admoverunt.

310 2336 366 2399 34.
390 2334 437 2397 Et
449 2336 625 2400 habuisset
638 2342 731 2401 tanto
746 2340 871 2421 impetn
892 2344 1009 2421 ooeptu
1028 2356 1080 2403 res
1096 2336 1288 2413 romanumfl
1303 2338 1368 2401 nisi

270 2453 356 2500 uuus
369 2434 471 2500 homo
485 2436 663 2519 Syracusis
677 2456 720 2501 ca
733 2443 934 2522 tempestato
948 2440 1081 2505 luisset.
1120 2437 1368 2504 Archimedes·

727 2624 910 2653 “cumeneo

305 2765 321 2809 7
339 2760 487 2823 Οιίημιιίω
500 2774 584 2823 pratae
594 2760 757 2813 cretton-s
774 2764 782 2792 ‘
796 2763 845 2819 Qui
853 2764 884 2813 ud
894 2778 920 2813 ae
931 2762 1082 2827 perfugerint
1097 2761 1139 2828 (ut
1150 2763 1230 2825 panio
1242 2768 1305 2811 aute
1318 2776 1371 2825 per·

267 2824 381 2887 merlai
391 2827 422 2873 od
432 2823 470 2936 a?
481 2839 528 2887 pro
539 2826 609 2888 tuly.
622 2826 786 2889 perfugerant,
799 2827 940 2877 Latinitate
956 2829 982 2875 in
993 2828 1109 2876 oratioue
1120 2828 1229 2889 obliqua
1239 2826 1302 2874 iliud
1315 2840 1372 2888 por·

274 2890 385 2950 tutante,
400 2895 430 2937 et
465 2886 542 2936 cinde
557 2894 639 2950 pateot
650 2903 696 2958 pro
710 2894 804 2951 poteret
815 2892 927 2955 reposui.
960 2892 1106 2956 Utrumque
1118 2891 1263 2953 probarunt
1273 2890 1371 2939 Stroth.

275 2961 304 3001 et
315 2952 410 3014 Bauer,
420 2952 471 2999 etei
481 2953 525 2999 ille
534 2952 650 3012 armarit
659 2950 688 2999 rb
702 2958 804 3015 meret,
814 2956 876 3018 quia
885 2955 972 3003 Livius
982 2968 1164 3019 nonnunquam
1175 2952 1283 3003 diversa
1294 2954 1371 3017 junx·

275 3015 335 3077 erit,
346 3022 375 3065 nt
385 3026 459 3063 xarr.
468 3019 509 3064 ti.
519 3014 596 3064 eatr.’
612 3015 762 3079 limera-9
777 3016 816 3066 Ac
825 3019 896 3067 cndu
906 3018 974 3068 Edd.
986 3026 1047 3068 ante
1058 3018 1138 3067 Drak.

767 3160 875 3210 ΝΟΜ

275 3268 309 3319 ab
320 3269 384 3332 ipeie
395 3269 517 3334 accierat,
528 3284 586 3334 cap·
594 3274 635 3320 28.
646 3270 696 3320 aab
706 3270 751 3319 tin·
844 3274 911 3333 pulit
922 3274 1042 3329 animum,
1055 3272 1144 3336 magia.
1156 3278 1187 3320 ut
1200 3276 1294 3319 eenret
1309 3270 1375 3320 Pin·

306 3343 314 3376 ¹
331 3344 410 3393 Cottia
418 3344 536 3408 morea]
553 3344 729 3409 Hippocrates
738 3359 803 3411 pru·
843 3346 956 3410 tatobur,
968 3360 1019 3409 qtro
1037 3345 1154 3395 eenalbua
1172 3344 1246 3407 quari
1264 3344 1375 3406 anby'iee·

274 3418 363 3468 settim
375 3424 403 3467 ot
412 3418 550 3483 Epicydea.
844 3428 885 3469 ret
897 3421 1030 3484 proposita
1041 3420 1157 3483 quadarn
1167 3419 1326 3482 geometrica
1337 3420 1376 3467 in·

306 3492 319 3528 ¹
335 3494 418 3556 Siqua
428 3497 461 3543 ed
469 3510 495 3545 ee
504 3498 615 3545 madata
625 3494 749 3559 tabent]
761 3496 803 3546 lu·
844 3496 954 3544 tritecto
964 3494 1088 3557 difficilia,
1100 3508 1175 3559 quarn
1192 3495 1374 3544 instrumento·

274 3565 347 3616 dicat
364 3567 495 3630 Epicydea
514 3584 542 3617 aa
560 3584 619 3619 com
639 3572 803 3635 Hippocrate
844 3584 899 3621 rum
910 3570 1023 3633 ipsorum
1035 3570 1129 3619 studio.
1146 3569 1310 3631 ilincjuaaus
1318 3572 1376 3635 pia·

272 3639 410 3704 Syracosia
421 3641 557 3706 dominari,
567 3657 618 3692 uon
629 3646 804 3709 magistratus.
845 3648 921 3695 rimer
937 3646 1068 3694 machinae
1089 3645 1115 3694 ei
1136 3646 1374 3708 comparavimus

305 3714 312 3750 ¹
328 3716 361 3765 lit
369 3716 488 3766 tabem
495 3749 502 3766 .
550 3718 726 3783 casertanus]
736 3721 805 3771 Gall.
844 3720 920 3769 modo
931 3719 962 3767 ad
973 3719 1070 3774 hoster,
1081 3720 1191 3768 telorum
1208 3718 1375 3782 lapidumque

275 3792 310 3841 lit
322 3790 559 3843 catomum·
567 3794 750 3845 tanmem.
844 3792 1021 3857 magnitudine
1039 3791 1195 3854 incredibili,
1212 3806 1376 3843 summoven-

307 3874 326 3901 ¹¹
341 3866 505 3931 Archimedes]
519 3870 584 3919 Cum
595 3870 640 3920 din
652 3871 803 3933 geometria
844 3869 906 3928 dor;
923 3867 968 3917 sed
979 3868 1125 3931 prasertim
1134 3866 1167 3915 ad
1176 3868 1322 3929 ponderum
1331 3868 1376 3915 im·

275 3942 426 3993 theoretica
453 3944 605 4009 modularet,
624 3948 657 3996 ab
687 3947 803 3997 Hierone
842 3958 944 3993 ursnaaa
962 3942 1147 4004 moleaeaigoa
1164 3955 1247 4005 opera
1262 3956 1377 3990 commo·

276 4029 347 4079 rege,
357 4020 429 4082 cojua
440 4016 544 4069 familia
559 4021 660 4071 vinculo
671 4022 803 4083 cognatio·
843 4020 956 4068 vendas:
974 4018 1068 4080 quibua
1075 4024 1162 4066 tamen
1172 4030 1233 4064 nana
1244 4030 1375 4080 nunquam

274 4090 313 4137 nir
324 4091 432 4141 innexus
448 4101 515 4153 erat,
528 4103 643 4158 rogatur,
658 4094 691 4145 ad
702 4096 802 4145 mecha·
834 4102 883 4144 -est
896 4094 987 4155 Hiero,
995 4092 1063 4155 qnod
1074 4090 1173 4140 t'oedere
1183 4104 1243 4141 cum
1253 4090 1375 4140 Romania

274 4160 357 4211 nicam
377 4173 405 4214 ot
422 4166 649 4220 instrumentorum
665 4185 739 4221 urum
756 4184 801 4236 ap·
839 4172 903 4237 icto,
934 4182 1026 4234 pacem
1054 4168 1182 4219 babuerat
1210 4174 1373 4233 perpetuam·
