2917 4767
258 349 343 414 1956
734 363 769 411 n.
793 362 890 411 mvn

256 507 422 594 (summus
436 507 676 589 magistratus⁹
700 514 770 572 erut
792 504 994 591 Campanis)
1013 479 1089 572 cum
1103 508 1366 592 quatuordecim

256 610 403 674 millibus
428 617 632 673 armatorum
657 608 802 672 habebat
817 616 941 685 eastra,
968 611 1138 674 sacrificio
1161 609 1368 693 apparando
1445 588 1447 653 ῗ

255 720 288 774 et
303 713 385 774 inter
401 710 433 774 id
451 709 651 775 instruendae
666 708 777 774 fraudi
791 709 966 792 eliquanto
981 710 1146 787 intentior,
1162 730 1269 794 qnam
1293 731 1368 774 mu·
1445 724 1446 785 ξ

256 813 387 876 niendis
414 813 546 889 castris,
572 817 630 876 nut
655 810 714 876 ulli
738 809 873 874 militari
897 810 1000 893 operi.
1044 810 1209 876 Triduum
1232 813 1370 876 sacriti-
1445 810 1447 899 ξ

255 921 367 978 catum
380 922 406 952 ¹⁰
428 913 470 976 ad
490 912 634 978 Hamas.
680 909 890 975 Nocturnum
905 916 975 974 erat
989 930 1134 989 sacrum,
1154 916 1205 978 ite
1225 922 1366 978 utente

255 1015 398 1079 mediam
416 1023 545 1080 noctem
561 1013 799 1096 compleretur.
834 1011 929 1078 Huic
944 1012 1123 1079 Gracchos
1133 1015 1366 1080 insidiandum

255 1119 396 1199 tempori
412 1123 513 1194 ratus,
538 1116 734 1180 custodibus
756 1113 799 1178 ad
819 1119 935 1196 portes
950 1115 1087 1197 positis,
1102 1135 1146 1180 ne
1163 1118 1241 1200 quis
1255 1137 1365 1181 enun-

255 1219 339 1282 tiare
354 1227 470 1302 posset
486 1224 611 1300 coepta,
626 1217 717 1282 stab
732 1215 861 1280 decima
875 1215 943 1280 diei
958 1216 1040 1280 bora
1053 1225 1077 1255 ¹¹
1090 1225 1105 1253 ¹¹
1125 1221 1258 1284 coactis
1273 1222 1366 1285 mili-

255 1320 344 1383 tibus
365 1338 509 1402 corpora
533 1337 649 1383 curare
674 1337 861 1401 somnoque
887 1336 1026 1402 operam
1058 1318 1149 1397 dare,
1175 1329 1214 1386 ut
1239 1321 1365 1404 primis

253 1421 398 1484 tenebris
412 1421 591 1486 convenire
606 1419 648 1484 ad
663 1420 797 1502 signnm
812 1428 966 1504 possent,
988 1421 1107 1503 vigilia
1131 1423 1233 1486 terme
1247 1423 1364 1506 prima

254 1522 328 1586 tolli
346 1522 450 1605 jussit
479 1523 594 1606 signa3
617 1521 802 1605 silentique
828 1521 1002 1605 profectus
1032 1523 1176 1603 agmine,
1206 1543 1286 1587 cum
1315 1526 1362 1589 ad

255 1621 385 1687 Hamas
409 1624 521 1688 media
544 1629 642 1688 nocte
667 1624 885 1707 pervenisset,
910 1632 1025 1689 caetra
1048 1623 1236 1706 Campano,
1260 1632 1304 1689 ut
1326 1627 1361 1689 iu

253 1725 428 1808 pervigilio
456 1725 616 1806 neglecta,
644 1726 746 1790 simul
776 1726 931 1790 omnibus
957 1725 1065 1808 portis
1090 1724 1239 1790 invadit:
1268 1727 1362 1790 alius

251 1845 368 1890 somno
400 1836 535 1904 stratos,
563 1827 647 1891 alios
674 1831 864 1910 perpetrato
889 1845 988 1890 sacro
1012 1827 1153 1890 inermes
1181 1827 1362 1892 redeumoe

201 1925 202 1930 ’
252 1926 437 1993 obtruncat.
475 1928 659 1993 Hominum
671 1949 711 1992 eo
721 1930 866 1994 tumultu
876 1934 1039 1993 nocturno
1051 1931 1077 1964 ¹²
1091 1947 1182 1993 caesn
1196 1929 1274 2011 plns
1290 1927 1362 1993 duo

251 2029 365 2106 millia,
380 2051 456 2095 cum
471 2031 548 2114 ipso
563 2031 650 2096 duce
666 2031 778 2096 Mario
794 2028 896 2095 Attio.
932 2029 1048 2113 Capta
1062 2037 1141 2094 eunt
1155 2029 1253 2112 signa
1267 2031 1360 2094 mili·

254 2133 341 2195 taria
354 2141 503 2216 quotuor
516 2139 548 2197 et
563 2133 711 2216 triginta.

293 2235 347 2298 36.
379 2232 566 2312 Gracchus,
593 2235 703 2298 minus
733 2240 865 2298 centum
894 2233 1038 2297 militnm
1062 2231 1198 2316 jactura
1226 2234 1360 2297 nutris

250 2331 393 2397 hostium
410 2335 548 2416 potitus,
573 2334 699 2399 Cumas
712 2354 751 2399 se
766 2354 908 2417 propere
928 2335 1070 2417 recepit,
1095 2335 1139 2398 nb
1154 2333 1360 2400 Hannibale

250 2441 412 2513 metuens,
436 2436 493 2518 qui
517 2453 617 2520 super
631 2434 787 2521 Capuam
808 2437 843 2499 in
866 2436 993 2501 Tifatis
1005 2443 1028 2484 ¹³
1054 2435 1206 2500 habebat
1228 2443 1360 2500 casua

251 2535 329 2600 Neo
350 2556 428 2600 eum
452 2537 593 2620 provida
612 2537 713 2603 futuri
736 2537 856 2603 fefellit
874 2537 1002 2621 opinio.
1046 2536 1136 2601 Nam
1158 2535 1263 2600 simul
1289 2537 1359 2601 Ca·

249 2657 352 2722 punm
367 2658 408 2704 ea
424 2639 539 2704 clades
560 2645 612 2703 est
634 2640 798 2715 nuntiata,
820 2644 913 2702 ratus
939 2637 1122 2715 Hannibal,
1143 2638 1186 2701 ab
1209 2655 1246 2701 re
1267 2639 1357 2702 boue

249 2749 345 2823 gesta
359 2741 536 2809 insolenter
548 2741 662 2805 laetum
681 2740 876 2818 exercitum,
897 2740 1042 2804 brunum
1058 2758 1176 2822 magua
1190 2759 1237 2803 ex
1254 2748 1355 2822 porte

705 2901 891 2924 ”numm

249 3017 413 3067 Granum-l
435 3017 548 3068 Venireat
558 3017 626 3068 Edd.
642 3026 704 3069 ante
716 3019 883 3070 (irenen-tl
899 3019 1023 3068 &mutan
1041 3019 1178 3067 iidem—9
1194 3019 1294 3069 Moriar
1308 3020 1353 3070 Aa

240 3082 295 3144 fito
305 3082 346 3144 qui
355 3097 458 3131 mmmm
473 3098 505 3131 ma
523 3082 599 3132 tidem
616 3085 730 3134 etmulti
743 3086 808 3135 bins.
841 3084 902 3133 Vid.
921 3085 985 3134 Not.
996 3084 1128 3135 Van—lt)
1143 3083 1355 3134 ‘Dmukenbor-

225 3193 227 3202 ,
248 3147 321 3195 eblus
344 3161 402 3194 carru
425 3146 511 3195 Parin.
534 3147 669 3211 legendnm
692 3155 778 3212 putat,
799 3148 994 3214 ωἰβωιάιιε
1016 3148 1172 3208 Crevieries,
1191 3148 1355 3213 notificem.

250 3211 328 3272 Certe
350 3212 540 3261 ulteriorutrinn
559 3211 718 3276 significatur
743 3215 829 3262 inesse
855 3212 936 3261 debet
957 3214 993 3273 τᾷ
1012 3211 1189 3275 morificate&
1214 3212 1353 3263 Stroth.—

250 3279 279 3324 ll
298 3274 306 3302 ‘
318 3275 402 3325 Pouet
419 3281 503 3339 coptu,
519 3277 551 3325 ud
569 3277 682 3326 decinam
697 3278 747 3326 diei
762 3275 854 3340 ment]
871 3276 967 3331 Posset,
977 3291 993 3325 o
1003 3283 1072 3325 rento
1082 3277 1113 3325 od
1122 3276 1239 3325 dm
1248 3277 1299 3326 dici
1308 3279 1350 3326 b-

247 3339 377 3389 numEdd.
388 3347 449 3390 anto
461 3339 576 3390 Gronov.
602 3345 771 3406 pomtcoepto,
787 3341 852 3392 etob
868 3341 958 3390 decimo
973 3340 1022 3390 diei
1039 3340 1098 3389 loro
1116 3339 1234 3390 Gronov.
1251 3349 1280 3390 et
1293 3343 1352 3391 rell.

249 3403 372 3465 deinceps
390 3404 455 3453 Edd.
473 3403 519 3453 ned
538 3405 569 3453 ud
586 3405 699 3454 decimum
715 3407 798 3456 mem
815 3407 840 3455 in
852 3405 970 3454 omnibus
981 3404 1037 3453 sere
1049 3405 1114 3453 Mes.
1126 3405 1152 3452 in
1164 3404 1234 3458 nullo
1245 3419 1310 3455 reru
1320 3405 1351 3454 ed

247 3467 306 3516 ert!
324 3467 482 3518 Strata—12
499 3475 506 3496 ⁸
520 3468 576 3517 Vox
588 3474 701 3518 nocturn
712 3469 860 3521 redundata
879 3483 937 3519 aaut
950 3483 982 3519 ex
995 3470 1081 3532 priore
1092 3482 1165 3518 versu
1177 3470 1242 3519 satin
1253 3469 1351 3520 intelli·

248 3530 317 3594 gitur
331 3545 384 3580 rem
397 3541 474 3581 nocte
486 3539 569 3580 netum
582 3545 658 3582 erue:
673 3533 749 3586 obest
759 3543 833 3585 certe
844 3549 860 3583 ι
870 3541 923 3584 vet.
934 3532 989 3582 tib!
1005 3533 1089 3594 Sigon.

280 3597 311 3643 ta
328 3595 408 3658 Super
419 3597 522 3659 Capuan
533 3612 561 3646 ue
573 3597 654 3656 lisola
665 3599 731 3650 Edd.
748 3609 810 3651 unte
820 3600 937 3650 Gronov.
949 3598 1080 3663 inquibus
1094 3611 1154 3647 mox
1168 3605 1220 3662 eet,
1239 3612 1284 3647 nee
1297 3611 1351 3648 aar

741 3728 850 3780 NOTAE

279 3823 346 3874 ”Ab
357 3822 504 3873 nunaunt
514 3823 583 3888 hro]
601 3824 643 3874 Ab
654 3827 775 3877 ortoeole
817 3834 871 3878 tenu
880 3824 1019 3889 Campania
1037 3837 1128 3874 somno
1147 3829 1207 3887 port
1224 3822 1349 3874 sarifici-

246 3899 414 3951 nnmernuda.
432 3899 713 3953 Noneotebnntantem
723 3903 775 3952 llo·
815 3917 858 3953 nru
878 3903 969 3953 mersi·
992 3900 1171 3964 supervenire.
1205 3899 1349 3950 flottam

246 3979 314 4028 mani
330 3977 379 4028 nini
398 3991 456 4026 nero
475 3991 573 4028 conam
592 3992 704 4042 οπμενος
728 3978 776 4029 sed
816 3979 894 4028 etiem
913 3991 1012 4028 conam
1029 3986 1092 4026 unte
1111 3977 1199 4025 boram
1217 3975 1347 4027 decinam

246 4068 315 4103 utine
329 4053 454 4116 jubentur
477 4053 572 4102 milites
600 4061 663 4104 unte
686 4053 775 4104 boram
815 4053 988 4104 incboabautz
1015 4051 1085 4101 undo
1101 4050 1171 4115 apud
1186 4051 1347 4104 §addeum

245 4137 394 4179 consuetam
405 4141 514 4190 corpora
530 4141 630 4184 curare,
641 4137 670 4178 nt
685 4143 776 4180 somno
814 4129 898 4182 ‘Exul
908 4129 941 4180 ab
952 4136 1045 4178 octava
1053 4127 1154 4176 Marius
1165 4125 1252 4176 bibit!

245 4211 324 4268 capto
336 4210 440 4266 possent
449 4202 525 4266 paulo
533 4203 706 4266 postmodium
712 4219 775 4256 noc·
