2917 4767
41 4604 46 4712 i

357 394 464 442 urunt
490 392 577 441 xix.
599 390 921 441 surranrrnsrue.
1110 371 1196 438 1596

58 534 120 593 rub
138 536 282 615 prinam
303 534 400 595 iucem
418 554 524 613 magno
537 544 643 595 terrore
656 536 799 603 invectus,
811 533 879 593 c'unu
892 532 959 593 aliis
975 553 1030 592 na-

60 632 150 691 vium
175 651 298 701 mansu,
314 630 382 689 aliis
398 633 494 708 ignem
508 632 651 707 injiceret,
665 640 697 689 et
709 632 739 690 in
753 630 907 689 Romanos
919 630 958 688 ad
978 629 1031 687 de-

61 726 242 787 sensionem
270 726 389 785 nerium
413 736 595 785 aecunentes
617 724 772 805 praefectus
793 727 872 785 urbis
896 724 1033 783 Himilco

61 824 282 881 mercenarios
295 822 478 900 eruptionem
490 820 587 880 fecere
594 823 740 898 jussimet,
752 833 861 898 magna
878 823 910 879 in
929 822 1034 881 castris

62 916 240 995 trepidatio
262 915 339 973 fuit:
371 915 411 973 sd
433 925 595 975 extremum
623 916 768 975 Carthalo
792 916 951 975 confractis
974 938 1032 977 oon

62 1011 108 1069 ita
135 1012 260 1079 inultis,
281 1010 413 1089 abreptis
431 1012 572 1089 quinque,
595 1010 775 1071 Heracleam
795 1032 894 1070 versus
916 1032 1031 1072 cursum
1044 1026 1122 1079 Diod.

62 1106 199 1167 dimit·
1043 1092 1132 1157 Potyb,

106 1210 164 1263 24.
191 1203 242 1262 lis
263 1203 337 1265 locis
356 1205 527 1273 excubanti,
544 1223 581 1261 ne
602 1205 669 1282 quis
689 1202 892 1263 Romanorum
914 1205 1032 1283 impune
1129 1184 1134 1193 ’

65 1298 249 1377 Lilybaeum
280 1300 444 1377 navigaret,
469 1298 617 1359 nuntiatur
645 1298 763 1358 navium
795 1300 891 1356 omnis
919 1296 1032 1375 pneris

64 1395 203 1453 classem
216 1394 300 1453 haud
315 1394 509 1473 paenitendum
523 1393 690 1453 adventare.
733 1392 801 1451 Janr
816 1393 866 1453 ilie
879 1393 1032 1473 praefectos

67 1490 148 1548 alios
173 1491 215 1547 ad
238 1510 272 1549 sa
292 1488 486 1568 pertrahendo
508 1508 597 1547 neves
619 1489 713 1549 hones
732 1488 910 1548 aduentum
926 1488 1032 1567 viginti
1060 1501 1171 1550 moue

67 1584 229 1646 effecerat.
274 1584 412 1643 Confisus
431 1584 519 1660 igitur
539 1584 658 1654 viribus,
680 1592 712 1642 et
730 1586 876 1663 superiore
896 1586 1032 1656 victoria,
1044 1566 1130 1629 ΡΨ·

67 1681 234 1741 confestim
244 1680 394 1758 egreditur
406 1688 502 1758 portu,
514 1679 754 1757 venientibusque
768 1682 905 1739 uccunit.
938 1679 1033 1740 Juxta

69 1775 211 1836 Geinum
221 1775 311 1837 littus
323 1776 352 1833 in
372 1784 559 1852 conspectum
572 1773 679 1833 clasaes
691 1794 815 1833 venere:
835 1776 887 1834 sed
901 1776 1034 1839 Rotnani

69 1882 251 1950 qumorer,
265 1872 359 1947 impar
371 1876 518 1929 conamen
529 1870 626 1936 veriti,
641 1868 679 1926 ad
693 1868 899 1940 Phintiadem,
911 1874 1033 1951 quod-in

69 1968 213 2027 amicitia
226 1965 433 2047 Romanunm
447 1972 509 2024 erat
524 1962 676 2042 oppidum,
688 1961 882 2023 deflexerunt.
924 1967 1035 2027 Portus

73 2062 112 2119 ad
135 2059 337 2120 Phintiadem
360 2058 456 2117 nullus
472 2068 534 2116 est:
556 2066 670 2117 tentum
685 2068 885 2136 procurrentes
905 2062 934 2118 in
955 2084 1036 2123 nare

73 2166 168 2235 petre
190 2156 350 2215 stationem
368 2154 492 2214 navibus
505 2152 583 2211 haud
597 2172 808 2231 usquequaque
821 2156 1035 2217 incommodam

74 2254 223 2331 prebent.
261 2250 327 2309 Hic
340 2248 529 2309 exscensione
542 2246 623 2307 fectu
635 2245 769 2307 Romani
781 2250 909 2311 hostiurn
922 2248 1035 2314 advenss

74 2356 139 2409 trun
162 2346 302 2407 nmero
323 2344 533 2423 expectabant,
555 2342 715 2421 catapultis
737 2352 828 2423 atque
848 2346 977 2407 ballistis
994 2370 1034 2409 ex

76 2444 192 2524 oppido
213 2440 357 2510 advectis,
371 2446 401 2499 et
419 2458 472 2519 pro
491 2438 589 2499 littore
609 2437 648 2496 ad
661 2438 784 2499 tutelam
796 2444 916 2505 navium
935 2445 1035 2527 dispo:

75 2540 151 2600 sitis.

116 2640 174 2695 25.
196 2632 487 2710 Carthaginiensibus
506 2632 591 2691 initio
608 2634 760 2692 consilians
771 2636 1032 2697 fueratobsidendi

78 2730 209 2799 men,
224 2746 313 2807 quent
334 2728 478 2805 putabant
497 2736 577 2786 metu
598 2728 762 2806 perculsum
781 2731 880 2789 statim
893 2732 1033 2809 refugier-

80 2846 145 2887 rurn
168 2826 199 2882 in
221 2822 364 2902 oppidum
384 2842 457 2891 esse,
472 2828 623 2901 navesque
645 2822 683 2880 ad
704 2814 835 2901 presan
855 2819 1034 2886 relicturum.¹

82 2918 144 2979 Sed
169 2919 233 2988 uhi,
255 2916 402 2977 Romanis
421 2918 554 2993 gnaviter
575 2938 606 2975 se
627 2916 864 2989 defendentibus,
886 2930 1033 2980 commen

82 3014 207 3093 pericuii
230 3013 349 3092 plenum
371 3012 607 3090 experiebantur,
629 3022 828 3092 preteresque
851 3014 918 3073 ioco
941 3016 1036 3075 multa

83 3111 206 3169 habenti
232 3106 418 3167 incommode
444 3126 547 3185 purum
572 3106 714 3179 fidebant,
739 3107 931 3178 destiterunt3
962 3130 1036 3189 pau-

83 3207 184 3284 cisque
200 3204 333 3266 navihus
351 3222 389 3263 ex
409 3222 510 3263 aarum
526 3222 645 3262 numero
658 3224 725 3282 quae
736 3214 933 3263 commeatum
945 3206 1039 3264 vehes

85 3302 157 3361 baut
179 3300 329 3367 abductis,
353 3297 406 3361 ud.
420 3296 574 3376 Halycum
597 3297 728 3369 fluvium,
751 3300 803 3379 qui
829 3299 908 3359 haud
933 3301 1035 3380 procui

86 3396 152 3455 inde
173 3397 290 3463 aberat,
305 3392 509 3463 discesserunt,
524 3394 566 3451 ibi
587 3394 657 3452 dum
674 3396 788 3453 saucios
808 3395 953 3466 reficiunt,
968 3398 1035 3455 hos·

85 3492 156 3551 tium
179 3490 295 3555 abitum
315 3508 355 3549 ex
375 3488 530 3549 commodo
549 3508 602 3548 suo
622 3490 814 3550 observaturi.
856 3491 923 3550 Alii
945 3494 1035 3572 sorip-
1048 3500 1123 3555 Diod

85 3595 171 3654 tores,
189 3585 281 3645 credo
304 3583 458 3645 Philinum
478 3584 580 3652 secuti,
600 3584 828 3663 haudquaquam
844 3586 908 3646 -ievi
928 3588 1037 3647 damno

86 3681 240 3741 defunctos
266 3700 328 3739 esse
352 3678 507 3739 Romanos
528 3678 648 3739 volunt:
675 3680 726 3739 sed
752 3682 847 3758 primo
867 3683 967 3741 statim
990 3674 1036 3742 as-

87 3786 172 3855 pecto
208 3776 336 3841 hodium
369 3774 517 3854 perculsos
548 3782 716 3853 wedam,
734 3775 813 3835 ,dum
841 3776 1036 3845 Phintiadem

87 3892 170 3931 cursu
186 3880 308 3951 petunt,
328 3872 479 3931 eneradas
495 3890 599 3939 nares,
622 3870 754 3951 aliosque
776 3881 881 3951 preter
901 3872 1036 3939 bellicos,

87 3968 264 4029 desemine:
286 3968 316 4025 in
339 3968 402 4046 ipso
424 3986 493 4026 vero
507 3967 607 4046 prelio
622 3967 752 4027 rottroda'
760 3968 964 4027 Romanorum
984 3980 1040 4024 na:

34 4064 35 4067 ’
89 4065 163 4141 rigis
176 4062 404 4142 quinquaginta,
416 4062 519 4139 longas
529 4082 598 4160 vero
608 4082 698 4123 naves
709 4062 865 4139 sexaginta
875 4052 1036 4141 depressus,

89 4158 225 4219 tredecim
239 4160 283 4217 ita
298 4176 447 4237 percussas
459 4168 680 4237 quaeraturque,
694 4170 728 4217 ut
740 4156 879 4237 deinceps
891 4159 955 4216 usui
967 4178 1036 4224 esoe
1151 4208 1155 4215 .

92 4256 281 4332 nequiuerint.
