2917 4767
735 378 770 426 Τ.
794 380 892 429 mvn

415 494 498 587 milti
510 526 612 587 relicta
624 526 695 586 urbe
712 528 742 587 in
756 546 841 605 agros
854 498 1053 605 emigrabaut:
1073 525 1168 588 donec
1188 528 1219 588 id
1241 548 1360 609 quoqne

413 623 521 683 clausis
533 623 622 702 portis
635 623 760 702 appositi
771 623 908 682 custodes
920 623 1136 702 prohibuerunt.

287 738 301 770 n
329 755 337 771 ·
455 726 505 778 25.
525 718 601 777 Tum
622 738 691 777 vero
710 715 863 776 Tarentini
882 738 914 777 se
933 739 987 798 pro
1006 720 1087 778 socio
1103 719 1253 779 dominum
1273 740 1361 780 acce-

416 816 490 895 pisse
502 834 566 874 sero
578 813 783 891 intelligentes,
796 812 877 892 quod
895 832 984 873 unum
999 824 1144 894 poteraut,
1157 836 1209 895 por
1225 816 1362 894 indigua·

415 912 523 971 tionem
542 920 573 969 et
592 918 711 989 questus
732 919 838 968 sortem
862 929 946 969 susm
966 911 1187 982 miserabantur,
1208 912 1364 992 aliquanto

416 1006 545 1076 liberius,
560 1006 610 1065 ubi
630 1024 682 1084 per
703 1003 833 1083 aliquam
855 1004 991 1065 idoneam
1010 1026 1129 1065 causam
1144 1006 1362 1078 convenientes,

415 1111 519 1182 praeter
527 1102 628 1161 solitos
640 1100 728 1160 animi
741 1099 874 1171 affectius,
888 1102 978 1160 etism
989 1102 1059 1160 vino
1071 1100 1267 1161 incaluissent.
1294 1102 1363 1163 Ne-

272 1204 328 1255 val.
339 1204 405 1253 Mer.
415 1218 473 1276 que
486 1197 606 1257 deerant
617 1198 668 1275 qui
686 1196 724 1255 sd
743 1196 894 1275 Pyrrhum
910 1196 1065 1256 referrent:
1087 1198 1273 1277 arcessitique
1289 1218 1363 1257 uon-

257 1283 281 1317 ν·
293 1273 316 1319 ¹¹
328 1273 407 1320 ⁸¹⁶²*
417 1293 490 1352 nulli
502 1292 582 1373 quod
594 1294 668 1351 intsr
679 1291 845 1351 convivium
856 1312 958 1372 porum
969 1292 1129 1352 honorifice
1141 1291 1179 1353 (lc
1192 1314 1259 1371 rege
1271 1293 1365 1353 locuti

416 1408 478 1447 esse
492 1396 686 1466 arguerentur.
721 1386 781 1445 Sed
793 1388 896 1446 horum
908 1387 1026 1466 quidem
1038 1388 1198 1467 periculum
1209 1389 1366 1468 cujusdam

273 1482 340 1531 ΡΜ*
354 1481 380 1527 in
418 1486 494 1544 inter
506 1504 556 1544 cos
567 1482 692 1564 simplex
704 1490 736 1541 st
749 1482 898 1559 ingeniose
905 1482 1049 1542 consessio
1060 1482 1213 1542 dbcmit:
1228 1492 1237 1519 ⁴
1251 1484 1367 1544 Ethrcc

154 1616 156 1623 ,
256 1546 316 1611 1³5³
315 1545 358 1599 hm
370 1548 409 1595 ιδ’
418 1578 566 1649 diximus,’
587 1578 693 1657 inquit,
707 1586 759 1636 ‘et
779 1576 865 1655 longe
886 1578 1020 1655 graviora
1040 1576 1147 1637 ueniri
1168 1577 1287 1647 inimum,
1309 1582 1366 1639 uisi

418 1676 517 1735 vinum
529 1672 701 1733 defecisset!
743 1669 794 1730 Ibi
807 1670 954 1752 Pynhus,
967 1682 1001 1732 ut
1021 1674 1073 1750 qui
1088 1673 1150 1731 vini
1163 1691 1253 1751 quam
1270 1675 1367 1734 homi·

418 1790 488 1831 num
500 1789 564 1829 eam
578 1767 695 1847 culpam
707 1766 800 1827 videri
812 1767 925 1838 mallet,
939 1768 1070 1827 arridens
1081 1767 1192 1827 dimisit
1202 1788 1263 1827 cos.
1304 1769 1367 1829 Ce-

258 1867 340 1916 2⁰³³·
418 1875 513 1925 tsrum
538 1862 648 1923 diffisus
672 1864 801 1923 civitatis
824 1863 952 1923 moribus
973 1863 1146 1941 animisque,
1167 1871 1201 1922 ut
1219 1882 1368 1944 quemque

420 1962 574 2041 plurimum
594 1958 673 2040 apud
685 1958 860 2019 Tarentinos
874 1958 1049 2019 auctoritate
1060 1956 1242 2036 consilioque
1254 1958 1368 2038 pollere

257 2044 367 2157 ffini
420 2056 675 2123 animadverterat,
689 2056 785 2115 causis
796 2056 917 2134 repertis
928 2054 1091 2123 structisre,
1105 2053 1144 2113 ad
1156 2052 1251 2113 filium
1259 2052 1368 2115 Ptole·

331 2140 339 2158 '
370 2139 378 2155 ’
420 2170 524 2211 meeum
547 2154 647 2228 (quem
667 2148 820 2209 discedens
839 2150 901 2228 ipse
921 2166 1012 2227 reguo
1032 2147 1202 2227 prefecerat
1226 2168 1369 2211 annorum

334 2288 342 2305 .
420 2245 588 2325 quindecim
608 2244 836 2322 adolescentem)
857 2244 1033 2322 ablegabot:
1068 2244 1143 2303 alios
1163 2264 1214 2324 per
1235 2244 1371 2304 occultes

421 2340 545 2399 insidias
556 2340 593 2399 dc
607 2340 704 2399 medio
719 2340 862 2399 tollebat:
884 2348 968 2399 eraut
982 2358 1066 2418 quos,
1078 2338 1220 2399 affectata
1230 2339 1370 2399 humaui-

421 2444 482 2494 tate
495 2434 678 2514 complexus,
693 2435 768 2494 inter
785 2434 1024 2495 familiarissimos
1041 2435 1173 2503 haberet,
1186 2453 1245 2513 quo
1257 2434 1371 2514 populo

421 2530 611 2609 suspectiores
635 2528 749 2589 fierent.
791 2528 829 2588 In
854 2530 901 2588 his
921 2529 1110 2588 Aristarchus
1129 2538 1203 2598 erat,
1225 2530 1271 2589 vir
1292 2531 1370 2589 inter

421 2627 561 2704 primates
582 2642 680 2683 amore
701 2624 809 2683 civium
829 2632 861 2682 et
875 2624 1044 2702 eloquentia
1059 2622 1219 2683 excellens.
1261 2623 1370 2694 Hunc,

422 2721 494 2798 quia
506 2719 691 2779 nihilominus
707 2720 738 2777 in
751 2738 860 2797 magua
876 2718 955 2799 apud
970 2718 1184 2779 multitudinem
1198 2720 1294 2797 grstia
1305 2740 1370 2779 esse

421 2815 571 2887 cernebat,
594 2834 786 2895 percussam
805 2815 879 2874 certi
900 2815 1010 2891 negotii
1031 2815 1171 2891 nsvigme
1192 2814 1222 2873 iu
1243 2812 1370 2893 Epirum

416 2910 515 2988 jussit.
557 2909 757 2980 Aristarchus,
771 2930 838 2970 cum
850 2908 990 2988 refragari
1004 2911 1080 2987 regis
1096 2908 1228 2988 imperio,
1243 2929 1370 2988 praesen·

422 3007 460 3064 tis
480 3006 576 3074 exitii,
599 3004 730 3076 obedire,
752 3024 811 3064 nou
833 3004 952 3084 quidem
965 3024 1049 3084 aequs
1068 3005 1190 3075 velocis,
1204 3004 1257 3063 ssd
1269 3014 1370 3065 tamen

422 3120 506 3179 eque
527 3102 598 3159 certi
621 3099 778 3171 videretur,
792 3119 951 3160 conscensa
971 3102 1041 3160 naui
1062 3099 1182 3180 paulum
1204 3108 1370 3179 provectus,

422 3193 508 3255 flexit
526 3214 642 3254 cursum
663 3194 701 3253 ad
722 3195 824 3254 urbem
846 3193 1026 3264 Romanam,
1038 3203 1070 3254 et
1090 3196 1267 3274 receptosiu
1279 3194 1372 3254 fidem

423 3288 557 3348 derebus
570 3288 667 3346 multis
679 3289 850 3367 magnisque
861 3300 993 3350 senatum
1005 3290 1123 3369 largiter
1134 3288 1262 3349 edocuit.

463 3389 514 3443 26.
536 3382 618 3442 Dum
631 3384 694 3442 haec
706 3382 829 3443 Tarenti
844 3383 980 3465 Pyrrhus
993 3386 1185 3455 administret,
1198 3384 1293 3443 nihilo
1304 3404 1371 3463 seg-

423 3478 488 3538 nius
500 3476 539 3537 ad
551 3476 661 3537 bellum
674 3478 831 3556 gerendum
843 3479 922 3559 opud
936 3480 1089 3541 Romanos
1099 3477 1230 3539 delectus
1239 3481 1372 3557 agebsu·

278 3591 328 3640 Dio
348 3588 413 3653 apud
423 3582 482 3644 mr,
500 3574 678 3653 cogebantur
693 3576 835 3654 munia,
848 3577 936 3636 mimo
951 3576 990 3637 ad
1002 3578 1097 3638 socias
1109 3577 1244 3637 civitates
1257 3576 1296 3635 Ο.
1310 3576 1371 3637 Fa-

263 3655 397 3705 Ρ“1*·υ“·
424 3670 528 3739 bricio,
541 3671 593 3749 qui
613 3670 788 3730 auctoritate
808 3672 960 3751 gratimus
982 3692 1036 3732 sua
1054 3672 1245 3731 deterrereta
1263 3672 1374 3732 studiis

263 3781 347 3833 zoin.
425 3785 518 3825 renim
538 3784 696 3825 novarum:
725 3766 858 3845 quidam,
876 3786 998 3845 quorum
1015 3776 1153 3847 suspects
1171 3765 1277 3825 levitas
1295 3777 1371 3837 erat,

424 3862 513 3921 ctiam
526 3860 668 3942 presidiis
682 3863 710 3921 iu
725 3871 889 3942 opportuna
901 3862 969 3923 loca
981 3862 1133 3943 impositis,
1147 3863 1178 3920 iu
1190 3860 1251 3920 tide
1263 3862 1372 3921 retius·

425 3958 539 4018 bantur.
582 3957 734 4036 Quicquid
755 3958 834 4017 euim
853 3958 949 4018 ubivis
967 3960 1081 4037 iujuriae
1103 3964 1233 4036 accepta
1251 3976 1372 4036 persua·

263 4057 321 4108 Dio.
426 4054 505 4111 sione
528 4072 646 4130 aegrnm,
671 4062 722 4112 aut
741 4051 902 4132 cupiditate
926 4054 1053 4113 novandi
1075 4051 1223 4112 turbidum
1245 4060 1320 4121 crat,
1340 4051 1372 4111 id

426 4166 510 4208 omne
531 4156 576 4207 tot
597 4148 736 4209 adversus
756 4167 844 4209 uuam
863 4159 978 4226 gentem
999 4148 1227 4229 conspirantium
1247 4147 1371 4227 populo·
