2917 4767
468 361 544 412 nra.
565 359 687 412 xxrn.
709 361 793 412 oar.
815 345 870 411 11.
1128 348 1216 416 1903

74 499 307 576 videntibus
321 505 431 586 vobis,
446 507 530 573 nulli
546 505 793 591 Campanorum
809 499 991 586 secundus,
1003 509 1149 574 'vinctos
1170 511 1215 576 ad

76 619 258 692 mortem
276 609 398 693 rapior.
442 607 535 687 Quid
549 609 732 674 violentius
753 607 873 694 Capua
886 617 989 696 capta
1002 610 1120 677 fieretl
1163 613 1216 678 lte

80 712 249 776 obviam
259 710 457 789 Hannibali,
473 715 635 776 axomate
648 712 777 790 urbem,
793 712 948 795 diemque
963 713 1128 781 adventus
1141 715 1217 798 ejus

81 821 322 891 consecrate,
338 818 376 877 ut
397 814 484 877 bnuc
504 815 713 896 triumphum
737 814 780 878 de
808 815 882 879 cive
902 823 1014 880 vestro
1035 815 1218 900 spectetis?

86 913 204 978 Haec
220 914 456 992 vociferanti,¹¹
474 935 551 980 cnm
577 915 704 980 moveri
729 917 851 997 vulgus
877 914 1049 992 videoetnr,
1076 917 1217 982 obvolu-

87 1021 184 1078 tum
201 1023 306 1098 capnt
319 1023 380 1092 est,
396 1036 571 1102 ocyusque
589 1019 662 1100 rapi
677 1026 776 1082 extra
790 1025 921 1100 portam
940 1018 1072 1101 Jussns.
1114 1015 1171 1082 lta
1185 1019 1218 1081 in

89 1126 230 1181 castra
257 1117 469 1202 perducitur:
500 1121 742 1204 extemploque
767 1119 951 1202 impositos
977 1120 1013 1184 in
1041 1120 1154 1183 navim
1183 1127 1219 1184 et

91 1215 350 1299 Carthaginem
365 1220 507 1301 missns;
519 1227 545 1260 ¹¹
561 1241 614 1300 ne,
630 1227 723 1288 motu
741 1222 857 1305 aliquo
873 1221 1001 1305 Capuae
1017 1240 1061 1285 ex
1076 1221 1218 1302 indigni-

92 1324 185 1382 tate
213 1321 262 1384 rei
288 1329 374 1399 orto,
401 1329 557 1388 senatum
577 1333 713 1408 qnoque
734 1324 912 1408 poeniteret
926 1322 1030 1388 dediti
1046 1323 1218 1405 principis,

95 1425 159 1496 et,
177 1421 350 1504 logatione
365 1424 471 1488 missa
487 1425 531 1490 ad
546 1426 759 1508 repetendum
781 1445 868 1503 enm,
887 1444 931 1488 ue
943 1431 967 1472 ¹³
985 1430 1044 1488 aut
1063 1425 1217 1505 negando

97 1541 196 1598 rem,
214 1526 471 1606 quamprimum
488 1532 647 1609 peterent,
664 1527 851 1592 offendendi
867 1527 932 1591 sibi
946 1525 1027 1590 novi
1044 1527 1141 1602 socii,
1158 1532 1217 1591 ant

99 1623 307 1701 tribuendo,
331 1624 504 1691 habendus
526 1627 656 1712 Capuae
681 1634 775 1696 esset
798 1627 973 1692 seditionis
992 1646 1034 1690 ac
1051 1627 1219 1690 turbarum

102 1732 251 1789 auctor.
296 1725 429 1792 Narem
445 1727 591 1814 Cyrenas
615 1731 738 1795 detulit
761 1725 967 1812 tempestas,¹
988 1745 1067 1811 quas
1089 1733 1160 1790 tum
1184 1729 1220 1792 in

103 1824 249 1890 ditione
264 1847 378 1911 regum
389 1837 416 1876 ¹⁴
429 1827 545 1896 erant*
577 1831 724 1896 ibicum
735 1829 873 1913 Magius
887 1829 930 1893 ad
945 1834 1090 1893 statuam
1106 1828 1221 1894 Ptole·

105 1929 197 1991 meai
226 1931 313 2010 regis
337 1931 552 2015 confugisset,
578 1933 775 2015 deportatus
799 1951 821 1994 a
846 1929 1047 1994 custodibus
1071 1929 1221 1994 Alexan·

107 2029 226 2094 driam
254 2030 297 2094 ad
322 2031 555 2112 Ptolemaeum,
580 2053 657 2100 cnm
680 2041 790 2098 eum¹⁵
815 2032 1002 2107 docuisset,
1031 2030 1221 2114 contrajac

109 2131 257 2196 foederis
273 2133 417 2199 vinctum
437 2157 475 2202 se
488 2138 534 2201 ab
547 2135 743 2201 Hannibale
766 2154 854 2212 esse,
879 2133 1024 2198 vinculis
1048 2133 1221 2213 liberatum

112 2234 397 2319 permissumque,
408 2247 444 2302 nt
458 2237 590 2316 rediret,
604 2257 665 2302 seu
677 2236 837 2314 Romam,
846 2255 910 2300 sen
925 2234 1081 2318 Capuam
1095 2233 1221 2298 mallet.

114 2333 199 2398 Neo
226 2335 360 2419 Magius
388 2337 539 2422 Capuam
564 2338 631 2404 sibi
655 2343 764 2404 tutam
786 2337 916 2417 dioere;
945 2344 981 2400 et
1009 2334 1154 2400 Romam
1180 2353 1222 2398 eo

115 2441 283 2519 temporo,
310 2459 378 2522 quo
410 2441 497 2504 inter
523 2439 697 2506 Romanos
725 2438 984 2523 Campanosque
1011 2437 1134 2502 bellum
1165 2436 1222 2515 sit,

117 2537 302 2621 transfugae
326 2543 444 2622 magis,
470 2561 569 2626 quam
591 2540 750 2625 bospitio,
772 2539 842 2604 sore
868 2538 1086 2603 domicilium.
1132 2535 1224 2601 Nus·

117 2659 226 2721 quam
245 2641 356 2718 malle,
380 2661 481 2726 quam
504 2643 537 2707 in
559 2660 660 2726 regno
684 2641 770 2724 ejus,
793 2641 915 2718 vivere,
935 2657 1037 2722 quem
1061 2636 1222 2701 vindicem

119 2745 224 2822 atque
238 2750 414 2808 auctorem
427 2745 553 2811 habeat
565 2743 743 2808 libertatis.

122 2919 124 2926 A
166 2841 220 2905 ll.
245 2843 332 2908 Dum
348 2844 423 2911 baeo
438 2851 603 2928 geruntur,
618 2843 663 2922 Q.
679 2844 809 2908 Fabius
823 2841 941 2906 Pictor
959 2840 1090 2920 legatus
1107 2856 1128 2901 a
1144 2838 1224 2903 Del·

121 2941 200 3024 pbis
225 2942 369 3012 Romam
385 2946 520 3026 rediit,¹⁶
542 2963 806 3032 responsumque
830 2962 875 3007 ex
898 2941 1025 3026 scripto
1047 2939 1222 3005 recitavit:

123 3043 208 3109 Divi
223 3065 357 3132 qnoque
371 3048 404 3112 in
419 3069 461 3114 oo
478 3045 591 3127 erant,¹
607 3048 733 3133 quibus
748 3043 1000 3131 quoquomodo
1016 3040 1223 3125 supplicare·

122 3309 186 3355 -11
216 3305 256 3357 ΑΙ.
273 3307 336 3358 Hor
355 3323 381 3358 eo
401 3311 617 3370 waiferum-12
639 3310 717 3361 Melit
738 3309 826 3374 Sigon.
847 3312 885 3356 est
906 3305 1077 3365 cathaginem
1097 3305 1224 3354 uiuus.—

124 3373 175 3422 11·
188 3372 267 3420 Forte
279 3374 330 3422 dcl.
341 3389 378 3434 ae,
390 3383 434 3424 rut
445 3377 661 3439 interponendum
673 3375 759 3424 verbis
770 3378 794 3423 rt
803 3370 938 3435 legerim!
952 3370 1023 3418 Dok.
1057 3370 1111 3418 Pro
1117 3371 1223 3445 primata

123 3435 152 3486 J.
166 3435 195 3486 Ρ.
206 3435 322 3487 Gronov.
334 3447 361 3488 et
373 3439 467 3488 Bauer.
480 3442 550 3504 conj.
568 3441 678 3504 priam
694 3446 722 3489 et
739 3439 767 3490 in
786 3445 886 3487 matum
901 3437 1003 3499 recepit
1014 3435 1225 3498 Krtyffldfflb-

128 3502 159 3548 1⁴
170 3501 229 3550 vid.
242 3501 304 3551 Nat.
316 3503 378 3551 Vsr.
394 3513 401 3534 ¹
413 3505 462 3554 Vix
472 3506 586 3562 dublum,
599 3505 660 3570 quin
673 3517 721 3568 pro
731 3518 815 3566 regare
824 3500 1077 3565 scripseritAEgypti.
1088 3506 1115 3549 el
1126 3499 1225 3550 librili}

122 3559 173 3614 boc
184 3578 276 3616 nomen
288 3570 421 3632 proprium
434 3584 505 3621 more
516 3585 562 3621 suc
574 3567 758 3635 corruperintl
775 3568 940 3630 Μαι-15
959 3565 1002 3615 ΑΙ.
1011 3567 1068 3615 dass
1076 3578 1137 3615 ean.
1221 3618 1225 3628 ,

620 3729 728 3784 NOTAE

153 3819 166 3864 '¹
182 3831 534 3899 commutassemus]
551 3836 654 3887 Nomen
695 3833 770 3899 gypti
793 3830 897 3895 reglbns
912 3824 1063 3878 Ptolemais
1082 3835 1226 3888 paruerunt

126 3907 277 3971 Cycneia
287 3909 393 3974 regioni,
409 3927 466 3975 qne
482 3913 567 3962 media
588 3914 655 3962 inter
695 3911 856 3974 Cyrenenses
872 3900 1132 3968 postAlsasudram:
1149 3902 1226 3954 modo

125 3983 655 4053 aegyptumerrripoltrsnrmmedlrurbr
694 3985 815 4051 proprios
827 3995 861 4032 ex
882 3977 974 4029 mem
1002 3975 1125 4038 unguine
1150 3991 1225 4042 regn

127 4061 247 4122 Cyrentm
257 4075 316 4126 quac
328 4064 403 4113 bodie
412 4063 543 4126 paululum
552 4065 655 4114 dotano
693 4063 818 4114 habuere.
856 4058 916 4107 Hoc
946 4063 1062 4117 tompore
1100 4054 1226 4116 parebant

125 4136 230 4186 nomiae
242 4137 342 4201 corae,
352 4139 424 4201 regio
435 4148 522 4189 autam
536 4141 623 4189 Barea.
695 4139 840 4189 Ptolemae
856 4137 882 4183 4.
904 4131 1011 4194 AEgypti
1031 4129 1095 4192 regi,
1106 4133 1150 4193 qni
1163 4131 1225 4180 Plri-

159 4208 172 4242 ²
187 4211 219 4262 Is
229 4213 320 4266 ditiore
330 4229 411 4280 ress·
421 4218 503 4282 ml]
520 4217 601 4297 blodo
614 4217 656 4268 lli·
698 4217 800 4282 lopstor
809 4219 839 4263 et
847 4207 971 4274 'tryphon
980 4206 1181 4270 cognominatos.
