2917 4767
386 396 490 445 ιιιιιι
516 396 588 449 xx.
612 394 953 451 surrurrrrurtrurr.¹
1129 388 1215 456 1625

87 536 149 597 Μ’.
166 534 206 596 Ρ.
221 532 279 597 Μ’.
294 536 339 597 Ν.
354 536 495 599 Mathoni
516 538 662 620 Sardoum
675 543 806 603 obvenit.
849 540 928 603 (lum
947 542 1051 604 borum

86 642 230 694 motuum
252 654 344 695 caum
365 656 456 716 penes
472 635 732 716 Carthaginienses
748 660 811 699 esse
828 639 986 711 diceretur,
1000 641 1052 720 qui

88 732 240 790 barbaros
262 728 302 789 ad
319 730 516 792 deiectionem
529 734 649 793 seeretis
661 736 772 794 nuntiis
783 734 948 806 allicerent,
963 735 1053 814 legati

89 828 174 889 missi
188 836 263 887 sum
275 826 487 906 Carthaginem
500 846 568 888 oum
583 830 693 910 asperis
705 829 863 901 mandatis,
878 833 930 910 qui
943 832 1053 911 stipen-

89 924 179 982 diurn
199 921 382 1001 enigereat,⁶
402 933 491 1003 atque
504 923 606 984 iusrrlis
621 924 660 985 arl
674 924 829 985 Romanos
842 927 1056 1006 pertinentibus

91 1020 240 1079 abstineri
257 1020 410 1097 juberent,
421 1020 496 1099 belli
516 1021 603 1081 minis
620 1020 742 1091 additis,
759 1023 791 1081 ni
808 1022 952 1131 imperata
968 1021 1055 1082 iecis-

91 1112 288 1175 sent-lara
302 1134 341 1174 ex
362 1116 452 1195 priorr
442 1116 678 1177 calamitate
649 1136 727 1177 vires
745 1126 779 1175 et
788 1118 920 1176 animaru
937 1136 1055 1198 recepe·

93 1219 164 1269 rant
171 1209 280 1280 Poesu
293 1209 479 1271 Hamilcaris
486 1230 615 1271 maxime
622 1210 767 1271 undastrra
775 1231 835 1272 non
844 1212 1115 1323 morlopacatisw
1084 1208 1158 1260 Μ·
1178 1224 1217 1275 ψ·

96 1306 217 1366 Africae
238 1306 370 1386 populis,
383 1308 435 1385 qui
456 1326 476 1364 a
488 1306 780 1385 Carthaginiensibus
794 1307 991 1378 desciverant,
1004 1272 1151 1387 sedi-21¹*
1129 1284 1192 1390 13

97 1404 193 1463 etiarn
203 1401 297 1461 latius
310 1410 444 1481 promota
460 1400 582 1473 ditione,
601 1422 767 1482 magnoque
774 1405 842 1481 jum
861 1404 891 1462 in
905 1403 1078 1517 Hispania
1085 1402 1172 1467 Polyb.
1175 1353 1220 1451 lta

98 1498 226 1578 imperio
243 1517 299 1577 per
311 1497 437 1557 eundem
450 1497 557 1557 ducem
570 1497 893 1579 parto.1taquetum
907 1500 946 1559 ad
959 1466 1086 1560 ceters¹⁸
1078 1484 1154 1583 ὦ,
1154 1528 1220 1605 gg„

94 1594 240 1654 lerociter
249 1592 355 1671 legatis
368 1612 537 1674 responsum
549 1602 604 1663 est,
614 1602 678 1654 tum
690 1595 793 1665 ctiam
806 1614 874 1654 eum
884 1594 930 1654 illi
934 1614 1057 1675 ,·quern
1070 1591 1097 1643 in
1107 1594 1213 1644 neuile

98 1689 296 1751 admodum'
287 1708 318 1748 ιιι
344 1688 491 1749 mandatis
513 1689 674 1760 habebant,
698 1690 814 1749 bastarn
836 1638 1155 1770 eaduceuraquez⁰¹m

99 1786 335 1867 proposuissent,
358 1782 430 1843 data
455 1784 559 1845 Poenis
581 1786 712 1864 optione,
735 1792 834 1845 utram
856 1784 982 1844 mallent
1002 1784 1058 1845 eli-

99 1884 210 1963 gendi;
235 1891 245 1919 ‘
260 1890 397 1943 neutrum
409 1902 440 1943 se
454 1884 565 1963 legere'
578 1885 792 1946 succlamatum
804 1894 858 1956 est,
874 1896 883 1923 ⁶
895 1886 949 1945 sed
961 1894 1059 1946 utrum

98 1980 230 2039 mallent
250 1979 307 2059 ipsi
327 1978 418 2058 legati
437 1980 647 2060 relinquerent,
662 2000 749 2060 equo
761 1983 862 2041 animo
877 1983 1061 2062 accepturis!

104 2075 181 2137 Inde
203 2074 331 2152 flagrare
350 2074 448 2135 denuo
469 2086 621 2157 ooeperunt
642 2077 719 2136 inter
736 2076 812 2136 duos
830 2078 957 2158 populos
973 2076 1061 2137 odia:

101 2171 157 2231 aad
174 2178 283 2231 neutro
304 2170 415 2231 bellum
435 2170 532 2231 adbuc
550 2172 680 2251 incipere
702 2172 832 2242 volente,
853 2173 967 2253 speeies
988 2175 1062 2232 umi-

104 2268 197 2339 citire,
219 2267 316 2344 magis
337 2266 410 2346 qnia
426 2285 485 2327 non
504 2266 683 2338 bellabatur,
705 2288 796 2348 quam
817 2266 898 2348 quod
921 2266 983 2329 fida
1003 2288 1063 2349 pax

106 2371 195 2433 met,
208 2365 324 2421 interea
335 2364 441 2421 tenuit.

148 2466 203 2519 18.
222 2458 327 2517 Ambo
348 2456 455 2517 deinde
475 2458 610 2517 consules
631 2458 671 2517 ad
692 2458 794 2517 urbem
812 2458 933 2528 reversi,
945 2476 1013 2517 eum
1026 2456 1064 2517 de

106 2555 198 2613 rebus
215 2572 235 2612 a
253 2572 286 2611 ae
304 2553 392 2629 gestis
403 2550 615 2621 disseminent,
629 2552 810 2631 triumphum
824 2555 1065 2633 impetraverunt.

108 2650 152 2716 Q.
168 2648 282 2709 Fabius
300 2648 410 2707 multos
427 2646 568 2725 Ligurum
581 2648 610 2706 in
626 2648 727 2727 praelio
739 2648 901 2717 occiderat,
914 2654 1065 2725 megene
1091 2662 1158 2715 Plut.
1169 2662 1228 2716 hb.

107 2764 168 2827 que
185 2744 318 2824 reliquos
336 2744 366 2801 in
387 2742 578 2853 Alpestribus
598 2743 671 2803 locis
691 2762 722 2802 se
735 2744 897 2813 continere,
911 2750 1066 2821 tutumque
1077 2744 1100 2780 ⁰·
1111 2731 1137 2777 ⁸·

108 2844 147 2902 ab
168 2840 290 2903 illorum
312 2840 475 2899 latrociniis
496 2840 626 2900 vicinum
654 2838 756 2899 Italiae
783 2840 861 2898 latus
886 2838 1064 2898 reddiderat
1077 2854 1226 2919 rnecepir,

109 2938 176 2998 Hic
200 2944 271 2996 unte
298 2933 401 2995 diem⁷
429 2934 583 2995 Kalendas
610 2934 787 2994 Februarias
810 2933 1006 3013 triumpharit
1030 2933 1068 2993 de
1096 2919 1214 3033 ῥ’ἓιῒὼ

110 3032 279 3112 liguribus.
330 3030 436 3091 Idibus
454 3030 562 3090 deinde
586 3030 706 3091 Martiis
728 3030 784 3089 Μ’.
805 3029 992 3107 Pomponius
1016 3030 1068 3087 tri-
1079 2998 1230 3113 ἧζᾶζκ,

110 3128 256 3209 umpbum
277 3126 366 3187 duxit
385 3126 424 3185 de
445 3124 557 3195 Sardis,
577 3146 652 3206 qnos
672 3127 793 3185 vicerat.
835 3123 948 3203 Neque
969 3133 1068 3182 tamen

108 3222 250 3283 destitere
271 3221 353 3283 bello
367 3220 467 3293 Sardi,
481 3220 553 3281 sed'
545 3222 651 3281 rrritati
664 3220 762 3301 potius
773 3219 889 3279 damnis
905 3218 964 3277 auis
980 3238 1070 3297 quam
1081 3260 1157 3309 zm

108 3319 212 3388 baeti,
225 3317 331 3396 majori
345 3317 422 3377 mole
435 3317 626 3377 rebellionem
642 3318 850 3376 instaurarunt.
892 3313 995 3375 Ambo
1012 3315 1069 3391 igi-
1159 3294 1166 3310 ’

110 3426 160 3475 tur
171 3414 311 3475 consules
325 3412 371 3473 Μ.
385 3410 524 3472 AEmilius
538 3410 584 3471 Μ.
597 3410 632 3471 F.
646 3412 691 3471 M.
704 3410 750 3471 N.
766 3410 907 3493 Lepidus,
922 3410 969 3470 Μ.
982 3409 1069 3469 Pub·

112 3511 202 3571 licius
225 3510 261 3569 L.
276 3510 312 3568 F.
327 3508 362 3568 L.
378 3507 422 3569 N.
441 3506 621 3569 Malleolus*
642 3508 672 3566 ιιι
694 3506 862 3567 Sardiniam
878 3507 970 3578 missi,
989 3526 1070 3585 mag-
1083 3524 1168 3573 zum

114 3627 184 3667 nam
206 3626 246 3667 ex
267 3626 304 3665 ea
325 3606 421 3665 insula
441 3604 571 3687 praedam
593 3612 733 3684 eotgere:
755 3626 845 3685 quam
865 3604 983 3675 deinde,
1004 3624 1072 3666 eum

116 3704 146 3763 in
161 3702 317 3763 Corsicam
332 3703 568 3771 transmisissent,
583 3711 714 3782 ereptam
728 3721 748 3760 a
761 3701 863 3762 Corsis
872 3704 1040 3761 amiserunt.
1100 3764 1215 3829 Poatyb
1204 3778 1236 3813 ¹·

120 3806 209 3860 ’.19
232 3798 325 3858 Domi
348 3818 466 3879 quoque
489 3798 675 3856 vehementer
699 3816 735 3855 eo
758 3806 889 3877 tempore
911 3798 1073 3864 turbatum,
1064 3834 1127 3879 ⁹21.

150 4016 169 4062 θ
185 4008 254 4063 de.
266 4018 327 4062 ants
339 4011 417 4063 Cres.
428 4028 474 4076 qao
483 4012 626 4076 rtiprrdim
637 4012 771 4075 erigerm.

150 4080 167 4126 t
186 4076 255 4128 ndu.
268 4085 330 4127 ante
342 4077 420 4127 Grsr.
437 4076 626 4127 Sksuediem.

592 4200 769 4224 ΝΜΜΝΙ

506 4268 567 4329 «Ἀ.
579 4278 613 4330 υ.
627 4280 659 4329 c.
670 4284 728 4331 sno.
747 4277 779 4329 Α.
793 4276 889 4330 casa.

191 4358 277 4423 Πάρι.
286 4364 312 4409 et
327 4360 387 4411 Ver.
396 4356 461 4410 Clas.
633 4358 727 4409 latetur·
