<?xml version="1.0" encoding="UTF-8"?>
<!DOCTYPE html PUBLIC "-//W3C//DTD XHTML 1.0 Transitional//EN"
    "http://www.w3.org/TR/xhtml1/DTD/xhtml1-transitional.dtd">
<html xmlns="http://www.w3.org/1999/xhtml" xml:lang="en" lang="en">
 <head>
  <title>
</title>
<meta http-equiv="Content-Type" content="text/html;charset=utf-8" />
  <meta name='ocr-system' content='tesseract 3.04.00' />
  <meta name='ocr-capabilities' content='ocr_page ocr_carea ocr_par ocr_line ocrx_word'/>
</head>
<body>
  <div class='ocr_page' id='page_1' title='image "./tliviipatavinih00unkngoog/tliviipatavinih00unkngoog_0420.png"; bbox 0 0 2917 4767; ppageno 0'>
   <div class='ocr_carea' id='block_1_1' title="bbox 251 316 869 390">
    <p class='ocr_par' dir='ltr' id='par_1_1' title="bbox 251 316 869 390">
     <span class='ocr_line' id='line_1_1' title="bbox 251 316 869 390; baseline 0 -4"><span class='ocrx_word' id='word_1_1' title='bbox 251 316 337 388; x_wconf 77' lang='lat'>180⁰</span> <span class='ocrx_word' id='word_1_2' title='bbox 694 338 751 386; x_wconf 59' lang='lat' dir='ltr'><strong>1r.</strong></span> <span class='ocrx_word' id='word_1_3' title='bbox 775 339 869 390; x_wconf 85' lang='lat' dir='ltr'><strong>nrvrr</strong></span> 
     </span>
    </p>
   </div>
   <div class='ocr_carea' id='block_1_2' title="bbox 249 479 1446 2692">
    <p class='ocr_par' dir='ltr' id='par_1_2' title="bbox 249 479 1445 1362">
     <span class='ocr_line' id='line_1_2' title="bbox 251 479 1363 566; baseline 0.003 -21"><span class='ocrx_word' id='word_1_4' title='bbox 251 481 445 548; x_wconf 85' lang='lat' dir='ltr'><strong>inciderunt.</strong></span> <span class='ocrx_word' id='word_1_5' title='bbox 474 479 519 546; x_wconf 89' lang='lat' dir='ltr'><strong>Et</strong></span> <span class='ocrx_word' id='word_1_6' title='bbox 529 481 650 564; x_wconf 90' lang='lat' dir='ltr'><strong>primo,</strong></span> <span class='ocrx_word' id='word_1_7' title='bbox 666 500 741 546; x_wconf 87' lang='lat' dir='ltr'><strong>curn</strong></span> <span class='ocrx_word' id='word_1_8' title='bbox 757 483 870 566; x_wconf 88' lang='lat' dir='ltr'><strong>procul</strong></span> <span class='ocrx_word' id='word_1_9' title='bbox 883 490 1066 560; x_wconf 78' lang='lat' dir='ltr'><strong>cernerent,</strong></span> <span class='ocrx_word' id='word_1_10' title='bbox 1079 484 1184 549; x_wconf 83' lang='lat' dir='ltr'><strong>veluti</strong></span> <span class='ocrx_word' id='word_1_11' title='bbox 1196 485 1363 552; x_wconf 85' lang='lat' dir='ltr'><strong>flammas</strong></span> 
     </span>
     <span class='ocr_line' id='line_1_3' title="bbox 252 582 1362 666; baseline -0.001 -19"><span class='ocrx_word' id='word_1_12' title='bbox 252 582 447 666; x_wconf 79' lang='lat' dir='ltr'><strong>spirantium</strong></span> <span class='ocrx_word' id='word_1_13' title='bbox 462 582 622 646; x_wconf 89' lang='lat' dir='ltr'><strong>miraculo</strong></span> <span class='ocrx_word' id='word_1_14' title='bbox 638 583 796 646; x_wconf 71' lang='lat' dir='ltr'><strong>attoniti*</strong></span> <span class='ocrx_word' id='word_1_15' title='bbox 820 585 1057 648; x_wconf 75' lang='lat' dir='ltr'><strong>coristiterunt:</strong></span> <span class='ocrx_word' id='word_1_16' title='bbox 1082 583 1216 662; x_wconf 86' lang='lat' dir='ltr'><strong>deinde,</strong></span> <span class='ocrx_word' id='word_1_17' title='bbox 1235 593 1278 650; x_wconf 90' lang='lat' dir='ltr'><strong>ut</strong></span> <span class='ocrx_word' id='word_1_18' title='bbox 1296 585 1362 648; x_wconf 88' lang='lat' dir='ltr'><strong>hu-</strong></span> 
     </span>
     <span class='ocr_line' id='line_1_4' title="bbox 250 677 1365 768; baseline -0.004 -16"><span class='ocrx_word' id='word_1_19' title='bbox 250 706 351 752; x_wconf 87' lang='lat' dir='ltr'><strong>mana</strong></span> <span class='ocrx_word' id='word_1_20' title='bbox 373 686 532 768; x_wconf 84' lang='lat' dir='ltr'><strong>apparuit</strong></span> <span class='ocrx_word' id='word_1_21' title='bbox 560 685 663 762; x_wconf 81' lang='lat' dir='ltr'><strong>fraus,</strong></span> <span class='ocrx_word' id='word_1_22' title='bbox 694 692 764 750; x_wconf 87' lang='lat' dir='ltr'><strong>tum</strong></span> <span class='ocrx_word' id='word_1_23' title='bbox 789 705 867 748; x_wconf 90' lang='lat' dir='ltr'><strong>vero</strong></span> <span class='ocrx_word' id='word_1_24' title='bbox 894 677 1037 752; x_wconf 88' lang='lat' dir='ltr'><strong>insidias</strong></span> <span class='ocrx_word' id='word_1_25' title='bbox 1065 687 1244 764; x_wconf 82' lang='lat' dir='ltr'><strong>rati-esse,</strong></span> <span class='ocrx_word' id='word_1_26' title='bbox 1275 686 1365 750; x_wconf 88' lang='lat' dir='ltr'><strong>dum</strong></span> 
     </span>
     <span class='ocr_line' id='line_1_5' title="bbox 250 787 1365 872; baseline -0.004 -20"><span class='ocrx_word' id='word_1_27' title='bbox 250 788 375 872; x_wconf 85' lang='lat' dir='ltr'><strong>majore</strong></span> <span class='ocrx_word' id='word_1_28' title='bbox 388 796 474 852; x_wconf 90' lang='lat' dir='ltr'><strong>metu</strong></span> <span class='ocrx_word' id='word_1_29' title='bbox 491 788 696 851; x_wconf 85' lang='lat' dir='ltr'><strong>concitaut¹⁰</strong></span> <span class='ocrx_word' id='word_1_30' title='bbox 707 807 744 850; x_wconf 94' lang='lat' dir='ltr'><strong>se</strong></span> <span class='ocrx_word' id='word_1_31' title='bbox 758 787 791 849; x_wconf 92' lang='lat' dir='ltr'><strong>in</strong></span> <span class='ocrx_word' id='word_1_32' title='bbox 804 787 928 869; x_wconf 81' lang='lat' dir='ltr'><strong>sugam,</strong></span> <span class='ocrx_word' id='word_1_33' title='bbox 944 787 1010 852; x_wconf 82' lang='lat' dir='ltr'><strong>leri</strong></span> <span class='ocrx_word' id='word_1_34' title='bbox 1022 807 1157 870; x_wconf 90' lang='lat' dir='ltr'><strong>quoque</strong></span> <span class='ocrx_word' id='word_1_35' title='bbox 1169 795 1365 850; x_wconf 85' lang='lat' dir='ltr'><strong>armaturae</strong></span> 
     </span>
     <span class='ocr_line' id='line_1_6' title="bbox 249 887 1364 970; baseline -0.002 -18"><span class='ocrx_word' id='word_1_36' title='bbox 249 887 395 956; x_wconf 80' lang='lat' dir='ltr'><strong>huetium</strong></span> <span class='ocrx_word' id='word_1_37' title='bbox 418 889 591 952; x_wconf 88' lang='lat' dir='ltr'><strong>incurrere.</strong></span> <span class='ocrx_word' id='word_1_38' title='bbox 637 888 793 952; x_wconf 87' lang='lat' dir='ltr'><strong>Ceterum</strong></span> <span class='ocrx_word' id='word_1_39' title='bbox 816 906 885 953; x_wconf 84' lang='lat' dir='ltr'><strong>nox</strong></span> <span class='ocrx_word' id='word_1_40' title='bbox 908 895 1044 970; x_wconf 86' lang='lat' dir='ltr'><strong>eequato</strong></span> <span class='ocrx_word' id='word_1_41' title='bbox 1069 889 1187 952; x_wconf 84' lang='lat' dir='ltr'><strong>timore</strong></span> <span class='ocrx_word' id='word_1_42' title='bbox 1212 896 1364 952; x_wconf 85' lang='lat' dir='ltr'><strong>neutros</strong></span> 
     </span>
     <span class='ocr_line' id='line_1_7' title="bbox 249 989 1445 1073; baseline -0.003 -19"><span class='ocrx_word' id='word_1_43' title='bbox 249 1009 395 1073; x_wconf 82' lang='lat' dir='ltr'><strong>pugnam</strong></span> <span class='ocrx_word' id='word_1_44' title='bbox 420 990 615 1072; x_wconf 76' lang='lat' dir='ltr'><strong>incipientes</strong></span> <span class='ocrx_word' id='word_1_45' title='bbox 644 990 688 1053; x_wconf 89' lang='lat' dir='ltr'><strong>ad</strong></span> <span class='ocrx_word' id='word_1_46' title='bbox 718 991 828 1054; x_wconf 90' lang='lat' dir='ltr'><strong>lucem</strong></span> <span class='ocrx_word' id='word_1_47' title='bbox 858 989 984 1052; x_wconf 68' lang='lat' dir='ltr'><strong>tenuit!</strong></span> <span class='ocrx_word' id='word_1_48' title='bbox 1027 989 1166 1064; x_wconf 78' lang='lat' dir='ltr'><strong>Interea,</strong></span> <span class='ocrx_word' id='word_1_49' title='bbox 1194 995 1273 1054; x_wconf 89' lang='lat' dir='ltr'><strong>toto</strong></span> <span class='ocrx_word' id='word_1_50' title='bbox 1298 1009 1364 1070; x_wconf 80' lang='lat' dir='ltr'><strong>ag-</strong></span> <span class='ocrx_word' id='word_1_51' title='bbox 1444 1021 1445 1044; x_wconf 56' lang='lat' dir='ltr'><strong>r</strong></span> 
     </span>
     <span class='ocr_line' id='line_1_8' title="bbox 249 1073 1445 1175; baseline -0.003 -18"><span class='ocrx_word' id='word_1_52' title='bbox 249 1092 338 1160; x_wconf 88' lang='lat' dir='ltr'><strong>mine</strong></span> <span class='ocrx_word' id='word_1_53' title='bbox 360 1090 537 1155; x_wconf 83' lang='lat' dir='ltr'><strong>Hannibal</strong></span> <span class='ocrx_word' id='word_1_54' title='bbox 557 1091 754 1160; x_wconf 82' lang='lat' dir='ltr'><strong>transducto</strong></span> <span class='ocrx_word' id='word_1_55' title='bbox 778 1109 835 1173; x_wconf 91' lang='lat' dir='ltr'><strong>per</strong></span> <span class='ocrx_word' id='word_1_56' title='bbox 857 1091 1003 1168; x_wconf 56' lang='lat' dir='ltr'><strong>saltumn</strong></span> <span class='ocrx_word' id='word_1_57' title='bbox 1027 1099 1063 1158; x_wconf 86' lang='lat' dir='ltr'><strong>et</strong></span> <span class='ocrx_word' id='word_1_58' title='bbox 1087 1091 1299 1175; x_wconf 87' lang='lat' dir='ltr'><strong>quibusdam</strong></span> <span class='ocrx_word' id='word_1_59' title='bbox 1323 1092 1363 1154; x_wconf 92' lang='lat' dir='ltr'><strong>in</strong></span> <span class='ocrx_word' id='word_1_60' title='bbox 1444 1073 1445 1136; x_wconf 24' lang='grc' dir='ltr'><strong>ἶ</strong></span> 
     </span>
     <span class='ocr_line' id='line_1_9' title="bbox 249 1187 1364 1276; baseline 0.004 -21"><span class='ocrx_word' id='word_1_61' title='bbox 249 1193 328 1276; x_wconf 87' lang='lat' dir='ltr'><strong>ipsu</strong></span> <span class='ocrx_word' id='word_1_62' title='bbox 357 1193 446 1258; x_wconf 83' lang='lat' dir='ltr'><strong>saltu</strong></span> <span class='ocrx_word' id='word_1_63' title='bbox 474 1193 623 1258; x_wconf 90' lang='lat' dir='ltr'><strong>hostium</strong></span> <span class='ocrx_word' id='word_1_64' title='bbox 653 1193 865 1276; x_wconf 65' lang='lat' dir='ltr'><strong>oppressis·</strong></span> <span class='ocrx_word' id='word_1_65' title='bbox 886 1192 921 1254; x_wconf 92' lang='lat' dir='ltr'><strong>in</strong></span> <span class='ocrx_word' id='word_1_66' title='bbox 952 1211 1034 1274; x_wconf 77' lang='lat' dir='ltr'><strong>agro</strong></span> <span class='ocrx_word' id='word_1_67' title='bbox 1060 1187 1212 1262; x_wconf 65' lang='lat' dir='ltr'><strong>Allisa&#39;n</strong></span> <span class='ocrx_word' id='word_1_68' title='bbox 1237 1193 1364 1276; x_wconf 84' lang='lat' dir='ltr'><strong>posuit</strong></span> 
     </span>
     <span class='ocr_line' id='line_1_10' title="bbox 251 1299 375 1362; baseline 0.048 -6"><span class='ocrx_word' id='word_1_69' title='bbox 251 1299 375 1362; x_wconf 86' lang='lat' dir='ltr'><strong>castra.</strong></span> 
     </span>
    </p>

    <p class='ocr_par' dir='ltr' id='par_1_3' title="bbox 250 1393 1446 2692">
     <span class='ocr_line' id='line_1_11' title="bbox 294 1393 1360 1472; baseline 0 -14"><span class='ocrx_word' id='word_1_70' title='bbox 294 1393 348 1460; x_wconf 79' lang='lat'><strong>18.</strong></span> <span class='ocrx_word' id='word_1_71' title='bbox 372 1395 476 1459; x_wconf 87' lang='lat' dir='ltr'><strong>Hunc</strong></span> <span class='ocrx_word' id='word_1_72' title='bbox 491 1395 668 1462; x_wconf 88' lang='lat' dir='ltr'><strong>tumultum</strong></span> <span class='ocrx_word' id='word_1_73' title='bbox 684 1396 792 1458; x_wconf 87' lang='lat' dir='ltr'><strong>sensit</strong></span> <span class='ocrx_word' id='word_1_74' title='bbox 809 1395 946 1472; x_wconf 83' lang='lat' dir='ltr'><strong>Fabius·</strong></span> <span class='ocrx_word' id='word_1_75' title='bbox 992 1393 1144 1460; x_wconf 83' lang='lat' dir='ltr'><strong>Ceterum</strong></span> <span class='ocrx_word' id='word_1_76' title='bbox 1161 1401 1194 1458; x_wconf 88' lang='lat' dir='ltr'><strong>et</strong></span> <span class='ocrx_word' id='word_1_77' title='bbox 1208 1395 1360 1460; x_wconf 87' lang='lat' dir='ltr'><strong>insidias</strong></span> 
     </span>
     <span class='ocr_line' id='line_1_12' title="bbox 250 1497 1360 1580; baseline -0.002 -18"><span class='ocrx_word' id='word_1_78' title='bbox 250 1515 326 1562; x_wconf 86' lang='lat' dir='ltr'><strong>esse</strong></span> <span class='ocrx_word' id='word_1_79' title='bbox 339 1501 441 1572; x_wconf 88' lang='lat' dir='ltr'><strong>ratus,</strong></span> <span class='ocrx_word' id='word_1_80' title='bbox 456 1501 489 1560; x_wconf 88' lang='lat' dir='ltr'><strong>et</strong></span> <span class='ocrx_word' id='word_1_81' title='bbox 504 1499 547 1560; x_wconf 89' lang='lat' dir='ltr'><strong>ab</strong></span> <span class='ocrx_word' id='word_1_82' title='bbox 561 1503 725 1560; x_wconf 90' lang='lat' dir='ltr'><strong>nocturno</strong></span> <span class='ocrx_word' id='word_1_83' title='bbox 741 1497 859 1580; x_wconf 89' lang='lat' dir='ltr'><strong>utique</strong></span> <span class='ocrx_word' id='word_1_84' title='bbox 871 1497 1046 1560; x_wconf 79' lang='lat' dir='ltr'><strong>abhorrens</strong></span> <span class='ocrx_word' id='word_1_85' title='bbox 1061 1497 1255 1572; x_wconf 83' lang='lat' dir='ltr'><strong>certamine,</strong></span> <span class='ocrx_word' id='word_1_86' title='bbox 1271 1515 1360 1560; x_wconf 85' lang='lat' dir='ltr'><strong>snos</strong></span> 
     </span>
     <span class='ocr_line' id='line_1_13' title="bbox 250 1595 1360 1680; baseline -0.003 -19"><span class='ocrx_word' id='word_1_87' title='bbox 250 1598 464 1661; x_wconf 86' lang='lat' dir='ltr'><strong>munimentis</strong></span> <span class='ocrx_word' id='word_1_88' title='bbox 480 1597 598 1660; x_wconf 84' lang='lat' dir='ltr'><strong>tenuit.</strong></span> <span class='ocrx_word' id='word_1_89' title='bbox 642 1598 737 1662; x_wconf 90' lang='lat' dir='ltr'><strong>Luce</strong></span> <span class='ocrx_word' id='word_1_90' title='bbox 753 1599 862 1680; x_wconf 89' lang='lat' dir='ltr'><strong>prima</strong></span> <span class='ocrx_word' id='word_1_91' title='bbox 877 1598 941 1660; x_wconf 90' lang='lat' dir='ltr'><strong>sub</strong></span> <span class='ocrx_word' id='word_1_92' title='bbox 951 1595 1037 1679; x_wconf 79' lang='lat' dir='ltr'><strong>jugo</strong></span> <span class='ocrx_word' id='word_1_93' title='bbox 1054 1597 1178 1660; x_wconf 89' lang='lat' dir='ltr'><strong>montis</strong></span> <span class='ocrx_word' id='word_1_94' title='bbox 1194 1595 1360 1680; x_wconf 71' lang='lat' dir='ltr'><strong>praelium</strong></span> 
     </span>
     <span class='ocr_line' id='line_1_14' title="bbox 251 1698 1358 1781; baseline 0 -19"><span class='ocrx_word' id='word_1_95' title='bbox 251 1699 335 1778; x_wconf 81' lang='lat' dir='ltr'><strong>suit3</strong></span> <span class='ocrx_word' id='word_1_96' title='bbox 358 1718 425 1781; x_wconf 91' lang='lat' dir='ltr'><strong>quo</strong></span> <span class='ocrx_word' id='word_1_97' title='bbox 446 1699 663 1764; x_wconf 83' lang='lat' dir='ltr'><strong>interclusam</strong></span> <span class='ocrx_word' id='word_1_98' title='bbox 685 1701 728 1762; x_wconf 90' lang='lat' dir='ltr'><strong>ab</strong></span> <span class='ocrx_word' id='word_1_99' title='bbox 758 1699 832 1762; x_wconf 89' lang='lat' dir='ltr'><strong>suis</strong></span> <span class='ocrx_word' id='word_1_100' title='bbox 855 1699 962 1762; x_wconf 86' lang='lat' dir='ltr'><strong>levem</strong></span> <span class='ocrx_word' id='word_1_101' title='bbox 994 1705 1222 1763; x_wconf 71' lang='lat' dir='ltr'><strong>armaturam*</strong></span> <span class='ocrx_word' id='word_1_102' title='bbox 1248 1698 1358 1764; x_wconf 85' lang='lat' dir='ltr'><strong>facile</strong></span> 
     </span>
     <span class='ocr_line' id='line_1_15' title="bbox 251 1797 1357 1884; baseline 0.004 -22"><span class='ocrx_word' id='word_1_103' title='bbox 251 1797 391 1883; x_wconf 85' lang='lat' dir='ltr'><strong>(etenim</strong></span> <span class='ocrx_word' id='word_1_104' title='bbox 418 1820 553 1866; x_wconf 89' lang='lat' dir='ltr'><strong>nurnero</strong></span> <span class='ocrx_word' id='word_1_105' title='bbox 580 1798 788 1882; x_wconf 86' lang='lat' dir='ltr'><strong>aliquantum</strong></span> <span class='ocrx_word' id='word_1_106' title='bbox 821 1797 1044 1882; x_wconf 70' lang='lat' dir='ltr'><strong>praestabant)</strong></span> <span class='ocrx_word' id='word_1_107' title='bbox 1073 1799 1222 1864; x_wconf 86' lang='lat' dir='ltr'><strong>Romani</strong></span> <span class='ocrx_word' id='word_1_108' title='bbox 1254 1819 1357 1884; x_wconf 84' lang='lat' dir='ltr'><strong>supe-</strong></span> 
     </span>
     <span class='ocr_line' id='line_1_16' title="bbox 254 1900 1357 1984; baseline 0.001 -21"><span class='ocrx_word' id='word_1_109' title='bbox 254 1909 397 1978; x_wconf 85' lang='lat' dir='ltr'><strong>rassent,</strong></span> <span class='ocrx_word' id='word_1_110' title='bbox 419 1901 486 1966; x_wconf 89' lang='lat' dir='ltr'><strong>nisi</strong></span> <span class='ocrx_word' id='word_1_111' title='bbox 505 1901 736 1984; x_wconf 85' lang='lat' dir='ltr'><strong>Hispanorum</strong></span> <span class='ocrx_word' id='word_1_112' title='bbox 761 1901 892 1979; x_wconf 87' lang='lat' dir='ltr'><strong>cohors,</strong></span> <span class='ocrx_word' id='word_1_113' title='bbox 912 1900 1003 1964; x_wconf 87' lang='lat' dir='ltr'><strong>adid</strong></span> <span class='ocrx_word' id='word_1_114' title='bbox 1022 1901 1135 1984; x_wconf 87' lang='lat' dir='ltr'><strong>ipsum</strong></span> <span class='ocrx_word' id='word_1_115' title='bbox 1148 1901 1296 1967; x_wconf 85' lang='lat' dir='ltr'><strong>remissa</strong></span> <span class='ocrx_word' id='word_1_116' title='bbox 1311 1903 1357 1966; x_wconf 87' lang='lat' dir='ltr'><strong>ab</strong></span> 
     </span>
     <span class='ocr_line' id='line_1_17' title="bbox 253 2002 1355 2086; baseline 0 -20"><span class='ocrx_word' id='word_1_117' title='bbox 253 2002 462 2082; x_wconf 88' lang='lat' dir='ltr'><strong>Hannibale,</strong></span> <span class='ocrx_word' id='word_1_118' title='bbox 481 2004 748 2086; x_wconf 57' lang='lat' dir='ltr'><strong>pervenissem*</strong></span> <span class='ocrx_word' id='word_1_119' title='bbox 793 2003 844 2066; x_wconf 91' lang='lat' dir='ltr'><strong>Ea</strong></span> <span class='ocrx_word' id='word_1_120' title='bbox 858 2002 1025 2067; x_wconf 88' lang='lat' dir='ltr'><strong>assuetior</strong></span> <span class='ocrx_word' id='word_1_121' title='bbox 1039 2003 1224 2079; x_wconf 83' lang='lat' dir='ltr'><strong>montibus,</strong></span> <span class='ocrx_word' id='word_1_122' title='bbox 1251 2011 1288 2066; x_wconf 92' lang='lat' dir='ltr'><strong>et</strong></span> <span class='ocrx_word' id='word_1_123' title='bbox 1310 2002 1355 2066; x_wconf 87' lang='lat' dir='ltr'><strong>ad</strong></span> 
     </span>
     <span class='ocr_line' id='line_1_18' title="bbox 253 2103 1356 2187; baseline -0.002 -19"><span class='ocrx_word' id='word_1_124' title='bbox 253 2103 518 2168; x_wconf 89' lang='lat' dir='ltr'><strong>concursandum</strong></span> <span class='ocrx_word' id='word_1_125' title='bbox 533 2104 618 2168; x_wconf 88' lang='lat' dir='ltr'><strong>inter</strong></span> <span class='ocrx_word' id='word_1_126' title='bbox 633 2123 720 2168; x_wconf 88' lang='lat' dir='ltr'><strong>saxa</strong></span> <span class='ocrx_word' id='word_1_127' title='bbox 743 2123 911 2187; x_wconf 83' lang='lat' dir='ltr'><strong>rupesque</strong></span> <span class='ocrx_word' id='word_1_128' title='bbox 935 2103 1047 2186; x_wconf 86' lang='lat' dir='ltr'><strong>aptior</strong></span> <span class='ocrx_word' id='word_1_129' title='bbox 1068 2119 1109 2167; x_wconf 84' lang='lat' dir='ltr'><strong>ac</strong></span> <span class='ocrx_word' id='word_1_130' title='bbox 1131 2103 1253 2179; x_wconf 85' lang='lat' dir='ltr'><strong>levior,</strong></span> <span class='ocrx_word' id='word_1_131' title='bbox 1276 2123 1356 2168; x_wconf 89' lang='lat' dir='ltr'><strong>curn</strong></span> 
     </span>
     <span class='ocr_line' id='line_1_19' title="bbox 252 2201 1357 2289; baseline 0.002 -23"><span class='ocrx_word' id='word_1_132' title='bbox 252 2201 433 2268; x_wconf 82' lang='lat' dir='ltr'><strong>velocitate</strong></span> <span class='ocrx_word' id='word_1_133' title='bbox 462 2223 651 2286; x_wconf 89' lang='lat' dir='ltr'><strong>corporum,</strong></span> <span class='ocrx_word' id='word_1_134' title='bbox 681 2213 753 2269; x_wconf 87' lang='lat' dir='ltr'><strong>turn</strong></span> <span class='ocrx_word' id='word_1_135' title='bbox 784 2223 946 2269; x_wconf 88' lang='lat' dir='ltr'><strong>armornm</strong></span> <span class='ocrx_word' id='word_1_136' title='bbox 971 2205 1097 2289; x_wconf 79' lang='lat' dir='ltr'><strong>habitu,</strong></span> <span class='ocrx_word' id='word_1_137' title='bbox 1127 2213 1357 2288; x_wconf 84' lang='lat' dir='ltr'><strong>campestrem</strong></span> 
     </span>
     <span class='ocr_line' id='line_1_20' title="bbox 252 2301 1356 2388; baseline 0.003 -22"><span class='ocrx_word' id='word_1_138' title='bbox 252 2301 395 2380; x_wconf 89' lang='lat' dir='ltr'><strong>hostem,</strong></span> <span class='ocrx_word' id='word_1_139' title='bbox 420 2323 554 2385; x_wconf 85' lang='lat' dir='ltr'><strong>gravem</strong></span> <span class='ocrx_word' id='word_1_140' title='bbox 577 2306 678 2367; x_wconf 90' lang='lat' dir='ltr'><strong>armis</strong></span> <span class='ocrx_word' id='word_1_141' title='bbox 699 2306 950 2388; x_wconf 83' lang='lat' dir='ltr'><strong>statariumque,</strong></span> <span class='ocrx_word' id='word_1_142' title='bbox 977 2324 1096 2387; x_wconf 83' lang='lat' dir='ltr'><strong>pugnae</strong></span> <span class='ocrx_word' id='word_1_143' title='bbox 1112 2324 1232 2388; x_wconf 86' lang='lat' dir='ltr'><strong>genere</strong></span> <span class='ocrx_word' id='word_1_144' title='bbox 1254 2307 1356 2370; x_wconf 85' lang='lat' dir='ltr'><strong>facile</strong></span> 
     </span>
     <span class='ocr_line' id='line_1_21' title="bbox 253 2402 1446 2496; baseline 0.004 -30"><span class='ocrx_word' id='word_1_145' title='bbox 253 2403 361 2467; x_wconf 84' lang='lat' dir='ltr'><strong>elusit.</strong></span> <span class='ocrx_word' id='word_1_146' title='bbox 403 2403 460 2468; x_wconf 85' lang='lat' dir='ltr'><strong>Ita</strong></span> <span class='ocrx_word' id='word_1_147' title='bbox 473 2402 734 2486; x_wconf 87' lang='lat' dir='ltr'><strong>haudquaquam</strong></span> <span class='ocrx_word' id='word_1_148' title='bbox 750 2405 823 2487; x_wconf 88' lang='lat' dir='ltr'><strong>pari</strong></span> <span class='ocrx_word' id='word_1_149' title='bbox 840 2407 1017 2470; x_wconf 85' lang='lat' dir='ltr'><strong>certamine</strong></span> <span class='ocrx_word' id='word_1_150' title='bbox 1032 2406 1185 2487; x_wconf 81' lang='lat' dir='ltr'><strong>digressi,</strong></span> <span class='ocrx_word' id='word_1_151' title='bbox 1200 2406 1356 2488; x_wconf 88' lang='lat' dir='ltr'><strong>Hispani</strong></span> <span class='ocrx_word' id='word_1_152' title='bbox 1445 2471 1446 2496; x_wconf 64' lang='lat'><strong>,</strong></span> 
     </span>
     <span class='ocr_line' id='line_1_22' title="bbox 252 2504 1446 2600; baseline 0.002 -32"><span class='ocrx_word' id='word_1_153' title='bbox 252 2504 321 2568; x_wconf 86' lang='lat' dir='ltr'><strong>fere</strong></span> <span class='ocrx_word' id='word_1_154' title='bbox 345 2524 462 2569; x_wconf 88' lang='lat' dir='ltr'><strong>omues</strong></span> <span class='ocrx_word' id='word_1_155' title='bbox 486 2505 684 2584; x_wconf 91' lang='lat' dir='ltr'><strong>incolumes,</strong></span> <span class='ocrx_word' id='word_1_156' title='bbox 707 2505 867 2584; x_wconf 83' lang='lat' dir='ltr'><strong>Romani,</strong></span> <span class='ocrx_word' id='word_1_157' title='bbox 891 2507 1021 2592; x_wconf 89' lang='lat' dir='ltr'><strong>aliquot</strong></span> <span class='ocrx_word' id='word_1_158' title='bbox 1047 2508 1120 2570; x_wconf 89' lang='lat' dir='ltr'><strong>suis</strong></span> <span class='ocrx_word' id='word_1_159' title='bbox 1147 2507 1298 2585; x_wconf 89' lang='lat' dir='ltr'><strong>amissis,</strong></span> <span class='ocrx_word' id='word_1_160' title='bbox 1322 2509 1356 2571; x_wconf 93' lang='lat' dir='ltr'><strong>in</strong></span> <span class='ocrx_word' id='word_1_161' title='bbox 1445 2521 1446 2600; x_wconf 43' lang='grc' dir='ltr'>ζ</span> 
     </span>
     <span class='ocr_line' id='line_1_23' title="bbox 253 2607 1446 2692; baseline 0.005 -23"><span class='ocrx_word' id='word_1_162' title='bbox 253 2613 368 2670; x_wconf 82' lang='lat' dir='ltr'><strong>castra</strong></span> <span class='ocrx_word' id='word_1_163' title='bbox 382 2607 634 2671; x_wconf 86' lang='lat' dir='ltr'><strong>contenderunt.</strong></span> <span class='ocrx_word' id='word_1_164' title='bbox 679 2607 808 2672; x_wconf 89' lang='lat' dir='ltr'><strong>Fabius</strong></span> <span class='ocrx_word' id='word_1_165' title='bbox 824 2627 957 2692; x_wconf 90' lang='lat' dir='ltr'><strong>quoqne</strong></span> <span class='ocrx_word' id='word_1_166' title='bbox 974 2611 1078 2675; x_wconf 84' lang='lat' dir='ltr'><strong>movit</strong></span> <span class='ocrx_word' id='word_1_167' title='bbox 1092 2615 1220 2674; x_wconf 83' lang='lat' dir='ltr'><strong>castra:</strong></span> <span class='ocrx_word' id='word_1_168' title='bbox 1246 2617 1356 2674; x_wconf 83' lang='lat' dir='ltr'><strong>trans·</strong></span> <span class='ocrx_word' id='word_1_169' title='bbox 1445 2617 1446 2646; x_wconf 63' lang='lat'>³</span> 
     </span>
    </p>
   </div>
   <div class='ocr_carea' id='block_1_3' title="bbox 253 2799 1359 3251">
    <p class='ocr_par' dir='ltr' id='par_1_4' title="bbox 286 2799 1115 2871">
     <span class='ocr_line' id='line_1_24' title="bbox 286 2799 1115 2871; baseline 0.002 -20"><span class='ocrx_word' id='word_1_170' title='bbox 286 2799 300 2838; x_wconf 71' lang='lat'>¹</span> <span class='ocrx_word' id='word_1_171' title='bbox 316 2803 453 2868; x_wconf 71' lang='lat' dir='ltr'><strong>stupefacti</strong></span> <span class='ocrx_word' id='word_1_172' title='bbox 462 2805 618 2853; x_wconf 69' lang='lat' dir='ltr'><strong>admiratione</strong></span> <span class='ocrx_word' id='word_1_173' title='bbox 629 2805 761 2868; x_wconf 67' lang='lat' dir='ltr'><strong>huenqaae</strong></span> <span class='ocrx_word' id='word_1_174' title='bbox 770 2805 1005 2868; x_wconf 63' lang='lat' dir='ltr'><strong>putabnutpiummaa</strong></span> <span class='ocrx_word' id='word_1_175' title='bbox 1014 2807 1115 2871; x_wconf 71' lang='lat' dir='ltr'><strong>spirare.</strong></span> 
     </span>
    </p>

    <p class='ocr_par' dir='ltr' id='par_1_5' title="bbox 253 2867 1359 3251">
     <span class='ocr_line' id='line_1_25' title="bbox 285 2867 1358 2943; baseline 0.005 -25"><span class='ocrx_word' id='word_1_176' title='bbox 285 2867 295 2899; x_wconf 69' lang='lat'>⁸</span> <span class='ocrx_word' id='word_1_177' title='bbox 313 2869 376 2943; x_wconf 70' lang='lat' dir='ltr'><strong>qun</strong></span> <span class='ocrx_word' id='word_1_178' title='bbox 385 2869 480 2932; x_wconf 76' lang='lat' dir='ltr'><strong>utrique</strong></span> <span class='ocrx_word' id='word_1_179' title='bbox 488 2883 596 2931; x_wconf 69' lang='lat' dir='ltr'><strong>paquara</strong></span> <span class='ocrx_word' id='word_1_180' title='bbox 612 2869 744 2931; x_wconf 61' lang='lat' dir='ltr'><strong>emeat,</strong></span> <span class='ocrx_word' id='word_1_181' title='bbox 763 2876 841 2918; x_wconf 77' lang='lat' dir='ltr'><strong>taurea</strong></span> <span class='ocrx_word' id='word_1_182' title='bbox 851 2870 880 2917; x_wconf 84' lang='lat' dir='ltr'><strong>oh</strong></span> <span class='ocrx_word' id='word_1_183' title='bbox 895 2871 1004 2922; x_wconf 80' lang='lat' dir='ltr'><strong>tanaim</strong></span> <span class='ocrx_word' id='word_1_184' title='bbox 1013 2872 1228 2922; x_wconf 78' lang='lat' dir='ltr'><strong>nocturnaaneutn&#39;</strong></span> <span class='ocrx_word' id='word_1_185' title='bbox 1239 2874 1272 2921; x_wconf 82' lang='lat' dir='ltr'><strong>ad</strong></span> <span class='ocrx_word' id='word_1_186' title='bbox 1283 2874 1358 2923; x_wconf 73' lang='lat' dir='ltr'><strong>luae·</strong></span> 
     </span>
     <span class='ocr_line' id='line_1_26' title="bbox 256 2938 1359 3064; baseline 0.005 -20"><span class='ocrx_word' id='word_1_187' title='bbox 256 2947 362 3044; x_wconf 41' lang='lat' dir='ltr'><strong>quii?</strong></span> <span class='ocrx_word' id='word_1_188' title='bbox 369 2938 704 3057; x_wconf 40' lang='lat' dir='ltr'><strong>&amp;ammam</strong></span> <span class='ocrx_word' id='word_1_189' title='bbox 721 2994 813 3045; x_wconf 70' lang='lat' dir='ltr'><strong>unitim</strong></span> <span class='ocrx_word' id='word_1_190' title='bbox 831 2998 999 3058; x_wconf 62' lang='lat' dir='ltr'><strong>manorum,</strong></span> <span class='ocrx_word' id='word_1_191' title='bbox 1018 2997 1043 3046; x_wconf 75' lang='lat' dir='ltr'><strong>ia</strong></span> <span class='ocrx_word' id='word_1_192' title='bbox 1061 3003 1139 3048; x_wconf 74' lang='lat' dir='ltr'><strong>nante</strong></span> <span class='ocrx_word' id='word_1_193' title='bbox 1156 2999 1208 3062; x_wconf 74' lang='lat' dir='ltr'><strong>ipae</strong></span> <span class='ocrx_word' id='word_1_194' title='bbox 1225 3001 1304 3064; x_wconf 72' lang='lat' dir='ltr'><strong>sylvia</strong></span> <span class='ocrx_word' id='word_1_195' title='bbox 1318 3001 1359 3049; x_wconf 79' lang='lat' dir='ltr'><strong>eh·</strong></span> 
     </span>
     <span class='ocr_line' id='line_1_27' title="bbox 253 3064 1357 3191; baseline 0.009 -22"><span class='ocrx_word' id='word_1_196' title='bbox 253 3064 309 3154; x_wconf 46' lang='grc' dir='ltr'><strong>ἀπ’</strong></span> <span class='ocrx_word' id='word_1_197' title='bbox 316 3123 444 3174; x_wconf 70' lang='lat' dir='ltr'><strong>Paeona</strong></span> <span class='ocrx_word' id='word_1_198' title='bbox 454 3123 539 3172; x_wconf 75' lang='lat' dir='ltr'><strong>leuiter</strong></span> <span class='ocrx_word' id='word_1_199' title='bbox 549 3130 653 3173; x_wconf 67' lang='lat' dir='ltr'><strong>aradae</strong></span> <span class='ocrx_word' id='word_1_200' title='bbox 662 3123 787 3184; x_wconf 62' lang='lat' dir='ltr'><strong>aqueus</strong></span> <span class='ocrx_word' id='word_1_201' title='bbox 798 3127 822 3171; x_wconf 85' lang='lat' dir='ltr'><strong>et</strong></span> <span class='ocrx_word' id='word_1_202' title='bbox 835 3123 902 3184; x_wconf 79' lang='lat' dir='ltr'><strong>quael</strong></span> <span class='ocrx_word' id='word_1_203' title='bbox 912 3125 1012 3182; x_wconf 73' lang='lat' dir='ltr'><strong>ambus,</strong></span> <span class='ocrx_word' id='word_1_204' title='bbox 1023 3142 1038 3175; x_wconf 91' lang='lat' dir='ltr'><strong>a</strong></span> <span class='ocrx_word' id='word_1_205' title='bbox 1047 3127 1143 3190; x_wconf 85' lang='lat' dir='ltr'><strong>proprio</strong></span> <span class='ocrx_word' id='word_1_206' title='bbox 1151 3128 1271 3191; x_wconf 61' lang='lat' dir='ltr'><strong>uertite,</strong></span> <span class='ocrx_word' id='word_1_207' title='bbox 1282 3131 1319 3179; x_wconf 87' lang='lat' dir='ltr'><strong>ita</strong></span> <span class='ocrx_word' id='word_1_208' title='bbox 1330 3133 1357 3179; x_wconf 79' lang='lat' dir='ltr'><strong>ut</strong></span> 
     </span>
     <span class='ocr_line' id='line_1_28' title="bbox 255 3186 721 3251; baseline -0.002 -16"><span class='ocrx_word' id='word_1_209' title='bbox 255 3200 307 3235; x_wconf 74' lang='lat' dir='ltr'><strong>eum</strong></span> <span class='ocrx_word' id='word_1_210' title='bbox 317 3186 368 3236; x_wconf 81' lang='lat' dir='ltr'><strong>iiiia</strong></span> <span class='ocrx_word' id='word_1_211' title='bbox 376 3201 403 3237; x_wconf 81' lang='lat' dir='ltr'><strong>ae</strong></span> <span class='ocrx_word' id='word_1_212' title='bbox 412 3187 554 3250; x_wconf 67' lang='lat' dir='ltr'><strong>conjugere</strong></span> <span class='ocrx_word' id='word_1_213' title='bbox 564 3203 611 3236; x_wconf 77' lang='lat' dir='ltr'><strong>aaa</strong></span> <span class='ocrx_word' id='word_1_214' title='bbox 619 3192 721 3251; x_wconf 73' lang='lat' dir='ltr'><strong>pausem.</strong></span> 
     </span>
    </p>
   </div>
   <div class='ocr_carea' id='block_1_4' title="bbox 712 3313 893 3336">
    <p class='ocr_par' dir='ltr' id='par_1_6' title="bbox 712 3313 893 3336">
     <span class='ocr_line' id='line_1_29' title="bbox 712 3313 893 3336; baseline 0.006 -2"><span class='ocrx_word' id='word_1_215' title='bbox 712 3313 893 3336; x_wconf 57' lang='lat' dir='ltr'><strong>omentum</strong></span> 
     </span>
    </p>
   </div>
   <div class='ocr_carea' id='block_1_5' title="bbox 254 3407 1356 3609">
    <p class='ocr_par' dir='ltr' id='par_1_7' title="bbox 254 3407 1356 3609">
     <span class='ocr_line' id='line_1_30' title="bbox 254 3407 1356 3478; baseline 0.009 -20"><span class='ocrx_word' id='word_1_216' title='bbox 254 3407 316 3458; x_wconf 74' lang='lat' dir='ltr'><strong>vid.</strong></span> <span class='ocrx_word' id='word_1_217' title='bbox 337 3412 401 3460; x_wconf 88' lang='lat' dir='ltr'><strong>Not.</strong></span> <span class='ocrx_word' id='word_1_218' title='bbox 421 3412 533 3461; x_wconf 72' lang='lat' dir='ltr'><strong>Van—9</strong></span> <span class='ocrx_word' id='word_1_219' title='bbox 550 3412 629 3472; x_wconf 84' lang='lat' dir='ltr'><strong>Olim,</strong></span> <span class='ocrx_word' id='word_1_220' title='bbox 648 3421 698 3464; x_wconf 75' lang='lat' dir='ltr'><strong>tun</strong></span> <span class='ocrx_word' id='word_1_221' title='bbox 717 3415 744 3463; x_wconf 80' lang='lat' dir='ltr'><strong>in</strong></span> <span class='ocrx_word' id='word_1_222' title='bbox 763 3417 872 3478; x_wconf 71' lang='lat' dir='ltr'><strong>quondan</strong></span> <span class='ocrx_word' id='word_1_223' title='bbox 891 3415 958 3463; x_wconf 80' lang='lat' dir='ltr'><strong>baeer</strong></span> <span class='ocrx_word' id='word_1_224' title='bbox 974 3417 1082 3477; x_wconf 73' lang='lat' dir='ltr'><strong>palantes</strong></span> <span class='ocrx_word' id='word_1_225' title='bbox 1099 3432 1114 3464; x_wconf 85' lang='lat' dir='ltr'><strong>a</strong></span> <span class='ocrx_word' id='word_1_226' title='bbox 1132 3417 1259 3467; x_wconf 77' lang='lat' dir='ltr'><strong>min-1⁰</strong></span> <span class='ocrx_word' id='word_1_227' title='bbox 1277 3417 1356 3469; x_wconf 72' lang='lat' dir='ltr'><strong>‘Can</strong></span> 
     </span>
     <span class='ocr_line' id='line_1_31' title="bbox 255 3473 1355 3542; baseline 0.008 -20"><span class='ocrx_word' id='word_1_228' title='bbox 255 3473 350 3522; x_wconf 72' lang='lat' dir='ltr'><strong>Edu·</strong></span> <span class='ocrx_word' id='word_1_229' title='bbox 368 3475 451 3524; x_wconf 81' lang='lat' dir='ltr'><strong>Grau.</strong></span> <span class='ocrx_word' id='word_1_230' title='bbox 462 3475 495 3524; x_wconf 81' lang='lat' dir='ltr'><strong>ad</strong></span> <span class='ocrx_word' id='word_1_231' title='bbox 513 3477 644 3526; x_wconf 81' lang='lat' dir='ltr'><strong>Drakenb.</strong></span> <span class='ocrx_word' id='word_1_232' title='bbox 655 3495 708 3528; x_wconf 70' lang='lat' dir='ltr'><strong>can</strong></span> <span class='ocrx_word' id='word_1_233' title='bbox 723 3483 797 3528; x_wconf 76' lang='lat' dir='ltr'><strong>multo</strong></span> <span class='ocrx_word' id='word_1_234' title='bbox 812 3479 958 3542; x_wconf 76' lang='lat' dir='ltr'><strong>maximoque</strong></span> <span class='ocrx_word' id='word_1_235' title='bbox 968 3482 1070 3542; x_wconf 74' lang='lat' dir='ltr'><strong>strepitu</strong></span> <span class='ocrx_word' id='word_1_236' title='bbox 1080 3482 1198 3531; x_wconf 74' lang='lat' dir='ltr'><strong>emelim</strong></span> <span class='ocrx_word' id='word_1_237' title='bbox 1210 3483 1282 3532; x_wconf 83' lang='lat' dir='ltr'><strong>Edd.</strong></span> <span class='ocrx_word' id='word_1_238' title='bbox 1293 3493 1355 3532; x_wconf 76' lang='lat' dir='ltr'><strong>ente</strong></span> 
     </span>
     <span class='ocr_line' id='line_1_32' title="bbox 256 3537 1356 3609; baseline 0.009 -23"><span class='ocrx_word' id='word_1_239' title='bbox 256 3537 371 3586; x_wconf 79' lang='lat' dir='ltr'><strong>Gronov.</strong></span> <span class='ocrx_word' id='word_1_240' title='bbox 383 3545 411 3584; x_wconf 84' lang='lat' dir='ltr'><strong>et</strong></span> <span class='ocrx_word' id='word_1_241' title='bbox 427 3539 464 3587; x_wconf 81' lang='lat' dir='ltr'><strong>ric</strong></span> <span class='ocrx_word' id='word_1_242' title='bbox 481 3541 506 3586; x_wconf 90' lang='lat' dir='ltr'><strong>in</strong></span> <span class='ocrx_word' id='word_1_243' title='bbox 519 3542 648 3604; x_wconf 78' lang='lat' dir='ltr'><strong>plerisque</strong></span> <span class='ocrx_word' id='word_1_244' title='bbox 661 3543 727 3591; x_wconf 77' lang='lat' dir='ltr'><strong>blaa.</strong></span> <span class='ocrx_word' id='word_1_245' title='bbox 739 3545 764 3592; x_wconf 88' lang='lat' dir='ltr'><strong>in</strong></span> <span class='ocrx_word' id='word_1_246' title='bbox 777 3558 884 3607; x_wconf 87' lang='lat' dir='ltr'><strong>quornm</strong></span> <span class='ocrx_word' id='word_1_247' title='bbox 897 3543 1002 3605; x_wconf 74' lang='lat' dir='ltr'><strong>optimis</strong></span> <span class='ocrx_word' id='word_1_248' title='bbox 1014 3559 1076 3594; x_wconf 79' lang='lat' dir='ltr'><strong>vero</strong></span> <span class='ocrx_word' id='word_1_249' title='bbox 1087 3545 1190 3609; x_wconf 74' lang='lat' dir='ltr'><strong>legitur,</strong></span> <span class='ocrx_word' id='word_1_250' title='bbox 1202 3561 1255 3595; x_wconf 78' lang='lat' dir='ltr'><strong>cam</strong></span> <span class='ocrx_word' id='word_1_251' title='bbox 1267 3548 1356 3608; x_wconf 55' lang='lat' dir='ltr'><strong>rudere</strong></span> 
     </span>
    </p>
   </div>
   <div class='ocr_carea' id='block_1_6' title="bbox 255 3601 1356 3713">
    <p class='ocr_par' dir='ltr' id='par_1_8' title="bbox 255 3601 1356 3713">
     <span class='ocr_line' id='line_1_33' title="bbox 255 3601 1356 3713; baseline 0.012 -65"><span class='ocrx_word' id='word_1_252' title='bbox 255 3601 471 3713; x_wconf 45' lang='grc' dir='ltr'><strong>Ξιγὶξιοὴωποὶωιιι.</strong></span> <span class='ocrx_word' id='word_1_253' title='bbox 504 3605 646 3668; x_wconf 80' lang='lat' dir='ltr'><strong>Receptam</strong></span> <span class='ocrx_word' id='word_1_254' title='bbox 658 3621 726 3656; x_wconf 90' lang='lat' dir='ltr'><strong>nnnc</strong></span> <span class='ocrx_word' id='word_1_255' title='bbox 741 3609 879 3657; x_wconf 86' lang='lat' dir='ltr'><strong>lectionem</strong></span> <span class='ocrx_word' id='word_1_256' title='bbox 892 3607 1018 3657; x_wconf 84' lang='lat' dir='ltr'><strong>Gronovii</strong></span> <span class='ocrx_word' id='word_1_257' title='bbox 1034 3609 1193 3673; x_wconf 70' lang='lat' dir='ltr'><strong>conjecturo</strong></span> <span class='ocrx_word' id='word_1_258' title='bbox 1210 3611 1356 3661; x_wconf 67' lang='lat' dir='ltr'><strong>debemur!</strong></span> 
     </span>
    </p>
   </div>
   <div class='ocr_carea' id='block_1_7' title="bbox 290 3729 1355 3800">
    <p class='ocr_par' dir='ltr' id='par_1_9' title="bbox 290 3729 1355 3800">
     <span class='ocr_line' id='line_1_34' title="bbox 290 3729 1355 3800; baseline 0.011 -23"><span class='ocrx_word' id='word_1_259' title='bbox 290 3733 321 3778; x_wconf 82' lang='lat' dir='ltr'><strong>ll</strong></span> <span class='ocrx_word' id='word_1_260' title='bbox 339 3729 429 3781; x_wconf 83' lang='lat' dir='ltr'><strong>‘Bene</strong></span> <span class='ocrx_word' id='word_1_261' title='bbox 451 3732 558 3796; x_wconf 86' lang='lat' dir='ltr'><strong>conjicit</strong></span> <span class='ocrx_word' id='word_1_262' title='bbox 581 3733 725 3784; x_wconf 73' lang='lat' dir='ltr'><strong>Gronovius</strong></span> <span class='ocrx_word' id='word_1_263' title='bbox 748 3734 885 3800; x_wconf 75' lang='lat' dir='ltr'><strong>legendum</strong></span> <span class='ocrx_word' id='word_1_264' title='bbox 903 3748 960 3784; x_wconf 81' lang='lat' dir='ltr'><strong>ease</strong></span> <span class='ocrx_word' id='word_1_265' title='bbox 980 3736 1167 3798; x_wconf 64' lang='lat' dir='ltr'><strong>repemeaiaaet!</strong></span> <span class='ocrx_word' id='word_1_266' title='bbox 1187 3737 1355 3789; x_wconf 66' lang='lat' dir='ltr'><strong>stroth-12</strong></span> 
     </span>
    </p>
   </div>
   <div class='ocr_carea' id='block_1_8' title="bbox 288 3861 1354 4025">
    <p class='ocr_par' dir='ltr' id='par_1_10' title="bbox 288 3861 1354 4025">
     <span class='ocr_line' id='line_1_35' title="bbox 751 3861 860 3916; baseline 0.018 -2"><span class='ocrx_word' id='word_1_267' title='bbox 751 3861 860 3916; x_wconf 80' lang='lat' dir='ltr'>NOTAE</span> 
     </span>
     <span class='ocr_line' id='line_1_36' title="bbox 288 3957 1354 4025; baseline 0.008 -19"><span class='ocrx_word' id='word_1_268' title='bbox 288 3965 301 4000; x_wconf 71' lang='lat' dir='ltr'><strong>r</strong></span> <span class='ocrx_word' id='word_1_269' title='bbox 320 3959 367 4008; x_wconf 80' lang='lat' dir='ltr'><strong>Per</strong></span> <span class='ocrx_word' id='word_1_270' title='bbox 385 3957 484 4020; x_wconf 70' lang='lat' dir='ltr'><strong>nahum]</strong></span> <span class='ocrx_word' id='word_1_271' title='bbox 502 3959 555 4008; x_wconf 88' lang='lat' dir='ltr'><strong>Per</strong></span> <span class='ocrx_word' id='word_1_272' title='bbox 577 3959 707 4023; x_wconf 74' lang='lat' dir='ltr'><strong>unguatiaa</strong></span> <span class='ocrx_word' id='word_1_273' title='bbox 724 3960 783 4009; x_wconf 84' lang='lat' dir='ltr'><strong>Cal·</strong></span> <span class='ocrx_word' id='word_1_274' title='bbox 822 3962 976 4025; x_wconf 69' lang='lat' dir='ltr'><strong>percantaret,</strong></span> <span class='ocrx_word' id='word_1_275' title='bbox 994 3961 1137 4025; x_wconf 76' lang='lat' dir='ltr'><strong>prasertim</strong></span> <span class='ocrx_word' id='word_1_276' title='bbox 1154 3961 1177 4010; x_wconf 85' lang='lat' dir='ltr'><strong>ri</strong></span> <span class='ocrx_word' id='word_1_277' title='bbox 1192 3961 1354 4014; x_wconf 81' lang='lat' dir='ltr'><strong>redicend-</strong></span> 
     </span>
    </p>
   </div>
   <div class='ocr_carea' id='block_1_9' title="bbox 255 4032 1385 4182">
    <p class='ocr_par' dir='ltr' id='par_1_11' title="bbox 255 4032 1385 4182">
     <span class='ocr_line' id='line_1_37' title="bbox 255 4032 1385 4101; baseline 0.007 -21"><span class='ocrx_word' id='word_1_278' title='bbox 255 4032 342 4081; x_wconf 78' lang='lat' dir='ltr'><strong>liculoe</strong></span> <span class='ocrx_word' id='word_1_279' title='bbox 357 4035 460 4086; x_wconf 81' lang='lat' dir='ltr'><strong>montis.</strong></span> <span class='ocrx_word' id='word_1_280' title='bbox 821 4039 960 4101; x_wconf 84' lang='lat' dir='ltr'><strong>jurarent:</strong></span> <span class='ocrx_word' id='word_1_281' title='bbox 974 4038 1022 4086; x_wconf 86' lang='lat' dir='ltr'><strong>nisi</strong></span> <span class='ocrx_word' id='word_1_282' title='bbox 1034 4038 1106 4090; x_wconf 80' lang='lat' dir='ltr'><strong>malla</strong></span> <span class='ocrx_word' id='word_1_283' title='bbox 1114 4039 1280 4101; x_wconf 69' lang='lat' dir='ltr'><strong>praeminet,</strong></span> <span class='ocrx_word' id='word_1_284' title='bbox 1291 4048 1353 4090; x_wconf 77' lang='lat' dir='ltr'><strong>stra·</strong></span> <span class='ocrx_word' id='word_1_285' title='bbox 1381 4047 1385 4060; x_wconf 92' lang='lat'>&#39;</span> 
     </span>
     <span class='ocr_line' id='line_1_38' title="bbox 290 4108 1355 4182; baseline 0.009 -26"><span class='ocrx_word' id='word_1_286' title='bbox 290 4115 300 4140; x_wconf 73' lang='lat'><em>¹</em></span> <span class='ocrx_word' id='word_1_287' title='bbox 315 4108 783 4174; x_wconf 78' lang='lat' dir='ltr'><strong>Ah·Haaaihule,pmeninet]Melius,</strong></span> <span class='ocrx_word' id='word_1_288' title='bbox 825 4129 883 4178; x_wconf 78' lang='lat' dir='ltr'><strong>gem</strong></span> <span class='ocrx_word' id='word_1_289' title='bbox 898 4129 991 4182; x_wconf 84' lang='lat' dir='ltr'><strong>nempe</strong></span> <span class='ocrx_word' id='word_1_290' title='bbox 1004 4115 1067 4167; x_wconf 77' lang='lat' dir='ltr'><strong>levir</strong></span> <span class='ocrx_word' id='word_1_291' title='bbox 1075 4121 1213 4166; x_wconf 68' lang='lat' dir='ltr'><strong>armature</strong></span> <span class='ocrx_word' id='word_1_292' title='bbox 1222 4115 1355 4166; x_wconf 84' lang='lat' dir='ltr'><strong>Hanniba-</strong></span> 
     </span>
    </p>
   </div>
   <div class='ocr_carea' id='block_1_10' title="bbox 258 4182 865 4254">
    <p class='ocr_par' dir='ltr' id='par_1_12' title="bbox 258 4182 865 4254">
     <span class='ocr_line' id='line_1_39' title="bbox 258 4182 865 4254; baseline 0.012 -21"><span class='ocrx_word' id='word_1_293' title='bbox 258 4182 360 4248; x_wconf 89' lang='lat' dir='ltr'><strong>opinor,</strong></span> <span class='ocrx_word' id='word_1_294' title='bbox 373 4184 440 4248; x_wconf 88' lang='lat' dir='ltr'><strong>qnod</strong></span> <span class='ocrx_word' id='word_1_295' title='bbox 453 4186 600 4240; x_wconf 78' lang='lat' dir='ltr'><strong>Gronovius</strong></span> <span class='ocrx_word' id='word_1_296' title='bbox 609 4190 737 4254; x_wconf 73' lang='lat' dir='ltr'><strong>suggerit,</strong></span> <span class='ocrx_word' id='word_1_297' title='bbox 746 4205 784 4240; x_wconf 82' lang='lat' dir='ltr'><strong>ru·</strong></span> <span class='ocrx_word' id='word_1_298' title='bbox 825 4189 865 4240; x_wconf 78' lang='lat' dir='ltr'><strong>lis.</strong></span> 
     </span>
    </p>
   </div>
   <div class='ocr_carea' id='block_1_11' title="bbox 0 0 1464 4767">
    <p class='ocr_par' dir='ltr' id='par_1_13' title="bbox 0 0 1464 4767">
     <span class='ocr_line' id='line_1_40' title="bbox 0 0 1464 4767; baseline 0 0"><span class='ocrx_word' id='word_1_299' title='bbox 0 0 1464 4767; x_wconf 95' lang='lat' dir='ltr'><strong> </strong></span> 
     </span>
    </p>
   </div>
  </div>
 </body>
</html>
