2917 4767
375 362 477 413 ursui
504 362 593 411 xur.
615 364 937 413 surrnnunuruu.
1125 350 1212 415 1443

84 508 179 585 ginte
194 508 329 589 reperim
353 508 496 569 ducentos
515 508 711 588 qusrlrnginte
724 528 778 571 sex
796 510 928 589 equites:
948 520 1051 591 coptos

87 604 123 661 in
148 605 318 665 universum
339 600 422 664 mille
443 604 624 681 octingentos
645 604 812 676 duodecim,
825 607 855 664 in
877 606 922 665 hie
939 608 1052 685 equites

88 698 172 759 duos
183 710 216 759 et
227 701 432 778 octingentos:
454 700 560 759 umiae
573 702 657 779 signs
670 701 809 761 militarie
820 701 881 761 ‹lno
897 711 928 761 et
939 703 1051 779 viginti.

133 802 167 855 9.
183 796 259 860 Quo
272 796 368 874 magn
380 796 467 855 miror
479 804 623 868 auctores,
637 798 688 876 qui
701 798 766 857 hec
778 806 839 857 tem
852 807 988 859 ecenmte
999 818 1052 859 ex·
1081 807 1151 858 Oros.
1176 821 1213 857 ιι.

89 892 175 949 scuti
192 900 275 960 arnt,
290 910 398 969 negnre
410 908 561 951 numerum
573 912 612 951 ex
633 894 712 970 regio
732 894 865 953 exercitu
875 892 1053 953 desideruto-
1066 876 1091 921 ¹·

90 1004 161 1043 rum
187 994 365 1045 annotatum
385 1006 466 1047 esse:
499 1006 567 1047 curn
588 986 749 1067 Dionysius
772 988 881 1047 scribet
902 987 1055 1049 Laevinum
1065 998 1132 1049 Plau

91 1082 233 1139 ιιιὼίειιε
250 1080 342 1160 poulo
355 1083 451 1141 minus
463 1080 557 1141 millis
567 1082 746 1161 quindecim,
763 1082 903 1143 tredecim
916 1084 1056 1145 interiisse

92 1195 135 1233 ex
150 1176 335 1246 victoribus3
359 1176 562 1256 Hieronymus
582 1188 680 1239 cutem
694 1178 871 1250 Gordianus,
883 1179 1006 1258 mqnsl'u
1017 1180 1055 1239 is·

94 1282 200 1331 torum
224 1282 390 1351 temporum
409 1273 542 1352 scriptor,
564 1271 601 1333 de
623 1272 764 1333 Romano
776 1276 907 1333 exercitu
919 1294 978 1333 non
992 1273 1057 1354 plus

97 1380 219 1449 septem
240 1370 372 1429 millibus
390 1372 529 1433 cecidisse
546 1373 654 1444 tredst,
675 1374 713 1433 de
733 1376 813 1453 regio
834 1376 911 1436 intro
931 1388 1057 1456 quattuor

99 1464 212 1525 millis.
255 1465 316 1525 Sed
337 1467 394 1526 hcc
413 1468 488 1527 iuter
510 1488 610 1529 omncs
630 1478 755 1541 constet,
776 1470 846 1531 flore
858 1472 966 1533 ducum
979 1472 1056 1533 mili·

101 1568 231 1640 tuumque
243 1582 362 1624 suorum
374 1562 526 1624 victorium
538 1584 605 1625 cem
619 1566 739 1645 Pyrrho
750 1568 928 1628 constitisse:
949 1588 1056 1649 excep-
1085 1573 1155 1623 οιω.
1182 1588 1220 1620 ιι.

102 1664 205 1735 tueque
223 1657 362 1717 dicmm
383 1676 481 1728 voces,
501 1668 583 1719 ‘non
604 1662 700 1721 minus
719 1662 830 1721 rictum
849 1683 882 1723 se
901 1684 938 1723 ec
958 1644 1096 1744 prelio¹·

107 1770 200 1828 quem
212 1752 355 1811 victorem
375 1750 560 1823 ducemne:
580 1753 709 1815 ferentis.
731 1756 832 1816 litim
843 1776 912 1817 cnm
924 1758 1060 1818 Terenti·

110 1864 151 1903 no
164 1844 183 1903 J
187 1847 236 1905 ori
248 1846 343 1926 spolie
356 1846 493 1926 doneque
506 1846 618 1927 ficeret,
631 1849 793 1911 lemushoc
804 1851 907 1921 lermr,
921 1853 1062 1933 inscripto

110 1941 179 2016 ejus
200 1942 350 2001 menuae
371 1941 477 2001 titulo:
499 1946 744 2024 querentibnsque
765 1945 852 2005 sociis
871 1946 1062 2025 respondisse,

110 2044 177 2096 ‘nm
189 2056 257 2115 ego,
270 2036 295 2095 si
307 2038 411 2097 iterum
429 2038 471 2099 sic
483 2039 591 2111 vicero,
603 2042 666 2100 sine
686 2039 780 2100 milite
795 2050 923 2099 reverter
944 2042 973 2101 in
988 2041 1064 2121 Epi·

108 2132 195 2191 rum?
237 2130 343 2211 Ipsum
363 2151 480 2212 qnoque
500 2153 596 2213 regem
611 2136 668 2197 hoc
680 2135 783 2215 praelio
794 2154 883 2213 greve
894 2135 1001 2197 uulnus
1012 2156 1062 2197 oc·
1074 2144 1158 2193 Ζιιιιι.

110 2228 233 2306 cepisse,
247 2237 397 2288 auctorem
410 2228 524 2289 haheo:
545 2229 598 2289 sed
618 2231 757 2310 quonism
769 2230 821 2291 elii
841 2230 902 2291 telo
917 2231 989 2291 nihil
1001 2242 1061 2293 tre·
1089 2238 1178 2290 erin.

110 2320 266 2392 dislernnt,¹
274 2342 417 2402 cesusqm
429 2323 609 2385 diversorum
622 2344 784 2405 pugnsmm
797 2327 910 2386 misceri
921 2320 1061 2388 ⁴ucnunn·
1075 2319 1155 2357 ”¹¹¹⁰
1167 2310 1191 2356 ¹·

111 2436 202 2494 quem
214 2418 322 2485 videm
344 2437 401 2477 non
415 2420 507 2479 susim
529 2420 591 2490 uui,
609 2420 639 2479 in
652 2420 767 2505 silentio
786 2419 912 2498 plurium
931 2431 963 2481 et
974 2440 1062 2483 sccu-

112 2513 267 2582 rotiorum,
279 2512 406 2573 credere.
534 2554 536 2559 -

153 2614 204 2667 10.
228 2607 345 2686 Magno
357 2607 488 2688 prolecto
500 2610 661 2689 pertinacia
672 2619 815 2671 centetum
828 2630 891 2671 esse
904 2611 961 2671 hcc
972 2611 1063 2671 etiem

114 2711 289 2781 argumento
300 2703 399 2773 luerit,
420 2702 500 2782 qnod
520 2703 658 2783 postridie
680 2706 746 2782 ejus
766 2724 882 2784 purgum,
894 2724 1063 2765 cnmcaeso-
1091 2695 1146 2745 liv.
1158 2695 1226 2761 Epir.

115 2816 317 2878 rumcorpors
339 2798 474 2878 Pyrrhus
493 2798 657 2879 inspiceret,
678 2818 747 2877 quse
768 2798 807 2858 sd
826 2798 1016 2858 humanitatis
1034 2810 1068 2860 et
1078 2775 1142 2810 ω’

118 2892 283 2953 clementie
302 2892 412 2953 semum
433 2894 546 2955 humeri
563 2895 709 2972 jusserau
741 2892 896 2953 Rommos
916 2912 1016 2953 omnes
1036 2894 1066 2954 in
1079 2900 1178 2966 Buoop.

121 2987 233 3047 hostem
252 3008 350 3049 versos
369 2989 497 3049 honestis
516 2988 685 3049 vulneribus
696 2988 852 3068 oppetiisse
865 3007 996 3059 cernens,
1013 3009 1066 3049 ex·
1095 2996 1229 3047 ruente.

119 3082 279 3143 umus:
301 3084 355 3143 «ο
370 3104 459 3164 quam
471 3084 600 3164 proclive
617 3084 689 3145 mnu
701 3093 766 3143 emt
779 3082 870 3141 ons
882 3082 1003 3163 imperio
1014 3103 1068 3162 pe
1079 3060 1200 3109 ’‘2⁰¹²“-

120 3178 166 3237 tiri
189 3177 344 3239 Romanos
366 3180 485 3239 habenti
507 3178 651 3239 militesl'
673 3176 785 3257 Neque
797 3184 951 3237 cunctetus
962 3186 1007 3237 est
1017 3198 1068 3240 eo·

120 3292 196 3343 rum,
205 3274 471 3353 quosinpotestete
481 3274 620 3343 nauehu,
629 3274 742 3335 enimus
753 3271 1069 3353 appellnuoneblmun
1096 3271 1147 3323 nio
1178 3284 1217 3332 ψ·

122 3369 295 3448 mugnisque
309 3368 455 3448 promissis
466 3368 586 3439 moriri,
595 3378 630 3428 nt
638 3366 910 3450 spudsestipendie
921 3368 1067 3431 fecerent:
1080 3338 1166 3389 W*

121 3474 153 3523 et
163 3464 294 3523 ebnuere
307 3473 522 3543 perseverantes
534 3462 626 3525 nihilo
637 3464 756 3543 sequius
767 3463 931 3525 humaniter
942 3464 1069 3525 clemen·

122 3570 226 3639 terque
237 3560 353 3631 hebuit,
366 3569 397 3619 et
408 3558 602 3631 vinculorum,
614 3568 646 3619 et
657 3560 751 3620 omnis
762 3579 830 3639 qnae
841 3558 987 3619 lothrnsm
999 3581 1069 3641 cep-

122 3656 249 3715 tivorum
262 3657 396 3716 comiteri
407 3656 483 3716 solet
492 3656 841 3735 contumelioe,expertes
862 3654 1071 3716 Atllomencs

125 3750 226 3828 prelio
238 3760 299 3810 tum
314 3750 391 3811 mule
403 3760 540 3832 acceptos
552 3750 612 3811 elin
624 3770 693 3812 mox
707 3750 808 3811 clodes
818 3751 932 3821 terruit,
939 3759 973 3809 ut
984 3750 1070 3829 longe
1081 3748 1153 3799 Oros.

126 3845 220 3925 imper
230 3847 418 3917 detrimento,
430 3848 473 3906 its
484 3847 603 3924 mojoris
618 3846 770 3926 eliquanto
783 3845 946 3905 formidinis
963 3853 994 3903 et
1005 3845 1072 3905 reli·

125 3940 228 4019 gionis
271 3939 357 4001 Nem
378 3941 417 4001 sd
436 3940 620 4001 manifestem
641 3940 773 4002 Deorum
792 3942 866 4001 irum
885 3937 1073 4011 referebatur,

124 4032 205 4114 qnod
226 4035 416 4115 nebulatores
436 4036 511 4095 forte
531 4034 663 4097 dimissos
682 4036 780 4096 subito
799 4043 900 4095 coorta
917 4042 1074 4114 mmpoetee

127 4130 169 4193 iu
183 4130 362 4215 perculerat,
375 4139 408 4192 ut
420 4131 493 4191 inter
505 4131 669 4193 horribilem
679 4130 745 4193 coeli
755 4130 897 4210 frigorem
904 4128 1075 4194 mdentibus
