2917 4767
393 375 499 424 sisar
525 374 607 421 xiv.
631 372 957 425 surcnuunrtruu.
1146 362 1230 431 1187

93 527 171 579 tnm
191 518 304 579 laboris
324 537 506 599 operumque
526 536 654 588 morum,
676 526 708 577 et
724 526 895 577 ornamenta
915 519 1065 589 virtutum,

95 616 268 675 ambitione
281 614 433 694 eorrupit:
455 613 569 673 felicior
590 613 753 683 lutums,si
776 604 835 673 suis
849 611 934 674 reb'us
946 628 1065 676 conteu-

95 720 176 780 tum
196 712 419 791 potentissimus
439 720 539 769 autern
559 710 702 779 omniurn,
716 710 742 769 si
756 728 844 788 quam
859 710 889 769 in
902 712 1067 790 querendis
1093 713 1187 765 tusus.

97 808 213 887 opibm
224 807 388 866 industrius
399 805 467 877 biit,
476 814 538 864 tam
551 806 581 864 in
594 804 752 865 retinendis
764 805 990 887 circumspectus
1003 829 1065 871 esse
1079 785 1177 833 ω’*

99 904 263 981 putruisset.

145 1007 197 1059 44.
222 998 308 1057 Hac
321 999 410 1077 igitur
421 1006 578 1078 postquem
591 998 621 1057 in
636 996 729 1057 Itulia
741 1008 809 1058 sunt
822 998 935 1070 audita,
949 1020 1001 1080 pro
1012 1020 1065 1062 ra-

99 1096 155 1153 riis
175 1094 330 1154 bominum
353 1094 468 1165 studiis,
490 1094 596 1153 lsetitia
628 1093 746 1155 luctuvo
767 1095 902 1155 civitates
928 1095 1063 1159 affecere.

71 1198 76 1205 ’
101 1190 235 1251 Sedalii
248 1190 371 1270 quidem
384 1189 497 1270 populi,
511 1192 564 1269 qui
575 1210 636 1251 suoe
648 1191 760 1271 spontis
771 1198 977 1271 crant,pscem
991 1195 1064 1253 ami-

99 1287 269 1366 citinmque
299 1283 515 1357 Romanorum,
541 1286 648 1365 quibus
672 1295 820 1366 poterant,
848 1286 1064 1349 conditionibus

103 1382 303 1442 redimebant.
344 1381 548 1452 Tarentinum,
570 1400 606 1442 ne
619 1384 679 1442 suis
691 1382 820 1442 consiliis
832 1392 972 1454 uteretur,
988 1404 1062 1465 prae·

102 1478 215 1537 sidium
230 1478 419 1558 Epirotarum
432 1486 464 1538 et
475 1478 633 1557 prefectus
645 1481 721 1539 arcis
736 1480 814 1540 Milo
826 1480 965 1541 vetabat:
987 1482 1062 1541 iuter
1074 1490 1159 1543 mnu.

103 1594 179 1652 quos
191 1594 241 1633 res
253 1573 399 1654 paulatim
418 1593 458 1633 ex
472 1573 630 1634 levioribus
643 1576 756 1654 injuriis
775 1585 864 1656 atque
876 1576 1061 1637 cormeliis

103 1672 133 1727 iu
145 1678 269 1750 apertus
280 1670 449 1729 inimicitias
469 1680 666 1749 prooesserat:
688 1673 788 1751 itaque
809 1660 945 1732 maximis
957 1673 987 1733 in
1000 1672 1060 1731 dii-

102 1764 290 1825 bonitatibus
309 1765 461 1824 constituti
481 1764 643 1836 Tarentini,
669 1786 736 1827 cum
758 1778 843 1827 extre
866 1768 972 1827 moenia
994 1764 1060 1827 Ro-

102 1880 207 1921 munos
219 1862 331 1931 hostes,
342 1862 420 1919 intus
433 1860 571 1940 Epirotes
583 1861 736 1933 baberent,
752 1864 844 1923 missis
858 1863 962 1941 legetis
974 1862 1059 1923 ouri·

102 1956 176 2015 lium
189 1976 210 2017 ι
231 1952 524 2034 Carthaginiensibus
543 1958 720 2036 petiverunt.
764 1956 862 2027 Poeni,
884 1959 936 2036 qui
950 1954 1059 2017 Sicilire
1071 1958 1220 2012 Orotan&

101 2070 243 2130 nagnam
267 2060 383 2131 partem
401 2060 545 2123 tenuent,
566 2061 599 2111 et
617 2052 765 2111 maritima
788 2051 886 2111 Italiae
912 2051 978 2112 loca
1004 2052 1059 2111 sibl

100 2152 192 2226 qun'm
215 2146 365 2208 Romanis
384 2148 525 2207 accedere
545 2147 679 2219 mellent,
699 2148 796 2228 speeie
818 2146 856 2207 ad
883 2147 1058 2224 ejiciendum

100 2240 263 2314 Milonem,
283 2252 425 2313 ceterum,
445 2243 471 2301 si
490 2242 803 2325 Tarento'potircntur,
817 2244 907 2303 etiam
920 2242 1059 2303 adversm

100 2338 261 2398 Romanos
271 2339 384 2409 tnituri,
396 2357 466 2398 curu
478 2338 619 2399 instructa
629 2337 723 2399 clnsae
734 2347 846 2419 promte
860 2348 1054 2399 accurrerunt.
1085 2344 1137 2395 liv·
1155 2345 1201 2411 Ep·

100 2432 190 2493 Cum‘
207 2435 284 2493 inter
300 2435 365 2493 bec
384 2434 474 2493 etiarn
490 2432 525 2493 L.
540 2432 681 2513 Papirius
692 2432 795 2493 consul
809 2432 992 2523 advenisset,¹
1001 2454 1054 2495 un·
1066 2424 1153 2524 {aa

97 2528 193 2607 dique
206 2529 309 2589 clausa
321 2528 467 2589 Tarentus
486 2536 560 2599 erat,
574 2528 720 2588 Romanis
732 2548 751 2587 a
764 2537 842 2589 terra
854 2530 954 2590 urbem
968 2530 1054 2591 simul

98 2644 271 2704 arcemque,
284 2624 388 2685 Poenis
400 2622 523 2683 eandem
536 2643 634 2683 arcem
645 2644 665 2683 a
677 2624 750 2685 muri
762 2623 972 2685 obsidentibus.

139 2728 193 2781 46.
214 2720 255 2779 Iu
268 2720 326 2779 boc
338 2728 418 2780 stetn
430 2738 537 2790 rerum,
549 2738 618 2780 cum
629 2719 709 2779 haud
722 2721 817 2779 minor
829 2718 970 2782 Romano
982 2740 1055 2781 curs

97 2826 187 2887 esset,
203 2836 241 2875 na
255 2815 512 2893 Carthaginienses
524 2833 621 2874 arcem
640 2824 791 2895 caperent,
815 2834 904 2893 quarn
925 2834 962 2875 ne
983 2835 1002 2875 a
1022 2836 1053 2875 se

98 2932 159 2971 non
173 2920 338 2992 caperetur,
353 2930 455 2970 omnes
464 2911 596 2970 victoria
607 2911 735 2970 rationes
741 2907 885 2969 subtiliter
898 2910 1052 2989 indagans,

99 3008 251 3067 Milonem
263 3027 316 3088 per
326 3006 448 3067 idoneos
459 3006 650 3067 internuntios
657 3013 764 3075 tentat,
778 3005 802 3063 si
815 3002 974 3064 Tarentum
987 3010 1052 3085 ejus
1063 3024 1217 3082 5022,st

98 3123 193 3183 opera
210 3102 396 3172 obtinuisset,
417 3102 511 3182 ipsum
519 3095 740 3181 'popularesque
760 3098 928 3159 oum'rebus
939 3101 999 3159 suis
1007 3102 1052 3161 in·
1064 3105 1107 3139 ¹¹¹·
1117 3095 1141 3143 ⁸·

98 3199 234 3259 columen
250 3197 435 3257 dimissurum
455 3216 517 3256 csse
536 3196 696 3276 pollicitus.
740 3194 818 3253 Milo
830 3194 902 3254 nihil
921 3214 959 3254 ex
979 3214 1053 3276 pruc-

97 3295 232 3354 sentibus
244 3290 349 3355 ridens
359 3294 466 3372 potiust
479 3312 548 3352 cum
559 3290 725 3353 Tarentinis
738 3291 810 3371 agit,
819 3299 851 3350 nt
857 3291 971 3369 junctis
981 3310 1052 3352 oon-

98 3390 172 3449 sitiis
184 3390 225 3449 dc
237 3382 385 3449 communi
403 3388 498 3447 salute
519 3386 732 3447 deliberarent:
754 3388 917 3466 sensimque
933 3408 1051 3467 persna-

98 3486 162 3555 det,
175 3495 255 3545 utse
277 3484 406 3562 legatum
418 3482 458 3543 ad
480 3483 515 3542 L.
530 3482 687 3563 Papirium
708 3483 867 3553 mitterent,
889 3484 928 3543 de
948 3484 1050 3545 eondi-

97 3582 229 3642 tionibus
248 3599 288 3639 cx
308 3580 438 3639 omniurn
458 3577 585 3639 utilitate
599 3578 726 3638 ferendis
739 3578 893 3657 diligenter
907 3588 1049 3640 acturum.

100 3678 149 3737 Ut
161 3676 293 3736 borsines
311 3675 402 3735 toedio
415 3692 551 3734 curarum
571 3661 824 3754 periculorumque
836 3673 903 3734 lessi
917 3674 1050 3734 lubenter

100 3772 210 3833 asserui
230 3780 310 3843 sunt,
334 3770 374 3829 ud
394 3769 543 3830 consulem
563 3768 724 3830 identidem
744 3767 902 3850 proiectus,
922 3754 1049 3849 quocum

100 3868 252 3929 lullaciem
272 3861 360 3927 iatam
371 3874 586 3947 composuerat,
601 3864 767 3927 luculentus
787 3864 960 3945 plerumque
979 3882 1048 3922 eon-

99 3964 235 4035 ditioues‚
251 3971 284 4022 et
299 3981 382 4043 spem
395 3982 453 4021 nou
474 3960 648 4042 poenitendae
669 3962 751 4043 pecis
771 3969 881 4021 oertarn
894 3957 1048 4018 referebat.

100 4061 146 4120 Fa
165 4058 341 4128 credulitus,
360 4058 386 4117 si
402 4056 475 4137 quid
487 4057 518 4116 iu
529 4056 633 4117 smmis
646 4056 868 4118 Tarentinomm
889 4053 1048 4133 diligentie

98 4177 133 4217 ac
143 4174 224 4219 curre
237 4153 433 4236 superloerut,
445 4152 601 4216 securitate
621 4152 789 4233 fiduciaque
804 4149 939 4213 resolvit:
960 4168 1046 4212 ocos·
