2917 4767
705 346 739 397 Τ.
765 346 858 395 ntvtr
973 362 979 371 ⁴

385 500 447 551 tos:
469 489 654 569 nequeenim
674 486 828 549 eonsilium
849 486 1238 549 istudsuooessummense:
1260 491 1346 559 etsi
1450 487 1451 494 ’

385 588 470 647 vivus
489 586 615 647 venisset
633 586 662 644 in
684 604 798 655 menne,
819 582 895 645 forte
915 583 1050 662 gmvioru
1069 603 1235 665 mmm,
1247 604 1346 665 quem

384 682 543 743 voluisset!

424 784 474 839 38.
496 774 969 857 Responsumnoonsulibusest:
991 774 1232 836 ‘sesrmissntis
1244 774 1346 835 eonfi-

383 874 464 945 dere,
485 892 580 952 neque
601 892 675 952 opus
696 871 804 931 hebere
826 879 917 931 tnntoe
932 870 1143 952 desperationis
1155 870 1288 929 nuxdio:
1311 871 1346 929 id

383 990 443 1051 quo
463 969 555 1047 megis
577 969 651 1029 scire
674 976 781 1047 posset,
802 968 951 1047 optionem
972 966 1107 1038 sedere,
1128 966 1191 1045 ipse
1216 966 1346 1026 trunsue

384 1064 514 1135 flumen,'
525 1064 606 1144 quod
620 1064 694 1123 inter
706 1062 853 1125 exereitum
873 1063 1001 1125 medium
1020 1062 1109 1123 tuine
1121 1060 1262 1131 diximum,
1278 1071 1289 1097 ⁴
1303 1082 1346 1121 sn

384 1162 414 1223 iu
426 1180 480 1221 sos
493 1162 558 1242 ripe
570 1160 724 1221 Romanos
736 1168 894 1240 expectere
907 1158 1019 1220 mullet.
1053 1157 1138 1221 Nem
1147 1166 1200 1217 sut
1210 1156 1346 1220 rsdsotis

383 1258 476 1337 oopiis
495 1256 648 1317 transitum
669 1256 729 1334 regi
750 1263 847 1317 tutum
866 1256 1020 1317 reliebsroe
1035 1274 1109 1325 esse,
1124 1263 1187 1323 out,
1202 1273 1240 1313 eo
1255 1274 1346 1313 reee-

383 1352 483 1423 dente‚
496 1353 728 1413 transmissuros:
750 1373 811 1433 quo
831 1352 944 1431 integro
964 1352 1069 1411 robore
1085 1349 1243 1428 eongrsssi,
1257 1348 1346 1417 nulls

385 1446 446 1509 ulie
458 1450 488 1509 in
501 1468 543 1520 re,
557 1467 647 1528 quom
659 1448 719 1509 suis
732 1448 843 1518 ,viribus
863 1448 1028 1527 animisque
1046 1466 1129 1527 spem
1149 1446 1285 1519 victorie
1297 1466 1345 1505 re-

386 1544 514 1625 posuisse
526 1545 746 1608 demonstrent!
766 1544 886 1605 Pudnit
898 1543 1050 1625 Pyrrhum
1061 1541 1175 1603 timoris
1187 1550 1240 1601 nut
1252 1540 1344 1601 dubi-

386 1641 504 1703 tetionis
528 1642 643 1720 signum
667 1640 761 1701 ullum
786 1640 891 1701 edere:
921 1660 1012 1722 qusre
1038 1639 1197 1720 posteriore
1217 1648 1346 1717 noeeptu

386 1736 552 1797 conditione
573 1736 741 1797 nonseuodi
761 1735 889 1797 fluminis
908 1744 1085 1817 potestotem
1107 1734 1239 1795 hostibus
1258 1732 1346 1792 teuit.

388 1832 494 1893 Levim
507 1834 575 1912 jem
586 1852 640 1892 suo
652 1840 755 1912 sponte
774 1832 939 1892 bellusrum
951 1840 1043 1890 terror
1054 1837 1129 1901 erut,
1143 1830 1207 1908 ipss
1218 1847 1345 1887 consuo-

144 1988 150 1995 ,
386 1926 487 1987 tudine
499 1926 637 1989 videndi:
658 1924 1237 2007 mentuqueesrumfsoillimesrnputsri
1245 1944 1344 2003 posse,

224 2036 279 2087 Ptin
281 2049 348 2081 ιιιιιι
349 2037 374 2084 t.
387 2042 493 2103 pugneo
515 2024 617 2103 prioris
638 2024 840 2103 experimento
859 2022 1025 2093 oonstsbet,
1047 2040 1114 2101 quo,
1128 2020 1168 2081 0.
1191 2020 1346 2079 Minucius

1192 2116 1346 2290 ms

410 2233 427 2272 e
500 2232 538 2292 ep
558 2233 596 2272 nn
633 2232 723 2292 prieur
743 2233 761 2271 e
809 2256 817 2271 .
1042 2232 1062 2272 n
1075 2232 1192 2291 quoque

241 2314 327 2378 vegei.
344 2312 375 2361 de
387 2308 628 2384 excogitaverunt
639 2306 755 2365 tutioris
766 2306 910 2366 sudnoire.
953 2308 1034 2386 Fauni
1049 2306 1150 2367 ferreis
1161 2304 1283 2365 obducti
1298 2306 1344 2365 ln·

224 2378 348 2491 {affl
388 2402 473 2461 minis
482 2422 599 2461 currum
612 2401 779 2471 trehebont,
791 2409 823 2460 et
835 2402 929 2482 ipsum
937 2404 1034 2463 eontis
1043 2401 1122 2463 feno
1132 2400 1263 2482 prolixis
1274 2402 1343 2463 bor-

224 2517 307 2567 mnu.
387 2505 516 2557 renum:
538 2497 567 2556 in
587 2517 673 2557 curru
695 2506 780 2557 erent
800 2495 939 2558 eolloonti
951 2498 1069 2569 milites,
1079 2499 1131 2578 qui
1143 2497 1259 2557 belluns
1270 2498 1344 2557 irru-

387 2600 469 2653 entes
481 2592 640 2653 missilibus
652 2601 705 2653 unt
716 2593 784 2671 igne
791 2594 877 2671 jecto
890 2602 1065 2655 averterent

394 2742 397 2751 ,
428 2692 479 2749 39.
502 2686 580 2747 Cum
601 2688 658 2747 hoo
679 2695 824 2769 opponetur
844 2688 1028 2767 transgressis
1044 2687 1153 2749 flumen
1165 2688 1341 2767 legionibus,

242 2794 365 2845 Amnon.
389 2780 525 2862 Pyrrhus
544 2803 583 2845 ex
596 2782 711 2844 diverso
723 2784 885 2844 exereitum
901 2784 1047 2856 instruxit,
1062 2805 1116 2864 pro
1128 2805 1192 2857 usu,
1206 2804 1294 2864 quem
1307 2785 1343 2843 iis

224 2860 377 2973 f‘fflmc·
389 2877 419 2937 iu
440 2879 526 2939 rebus
545 2881 719 2951 monimum,
731 2897 801 2939 cum
811 2878 953 2958 singulari
963 2880 1095 2960 quodum
1107 2880 1215 2958 ingenii
1226 2880 1340 2958 nugaci·

239 2979 461 3044 ljoxxxutste,
483 2994 571 3056 supro
593 2984 704 3037 eeteros
724 2978 790 3055 ejus
814 2976 911 3035 oeteus
935 2975 1123 3056 imperotores
1146 2974 1346 3044 exoeuenten,

228 3056 268 3102 ¹⁴·
389 3068 498 3131 bebere
521 3070 706 3131 credebatur.
749 3070 969 3131 Animadverso
992 3070 1080 3150 igitur
1099 3071 1158 3132 loei
1177 3072 1276 3151 genio,
1288 3073 1340 3151 qui

226 3166 378 3295 err.
391 3260 824 3340 pr
837 3168 1056 3324 ‘uest
1069 3166 1272 3343 iuss

449 3282 481 3321 es
825 3281 917 3341 ‚equi
1021 3283 1069 3323 ee
1110 3283 1148 3323 en
1214 3284 1251 3321 ue
1269 3282 1339 3323 oon·

243 3360 324 3407 Frons.
390 3355 435 3413 vit
447 3354 476 3413 in
489 3354 641 3415 subsidiis:
662 3355 800 3415 dextrum
821 3375 912 3417 cornu
931 3358 991 3419 suis
1011 3358 1152 3419 militibus
1171 3368 1204 3417 et
1224 3358 1339 3419 Somni·

224 3424 295 3472 Μ’
311 3440 341 3471 ¹¹·
353 3426 378 3473 ³·
390 3448 463 3509 tium
476 3449 667 3511 auxiliaribus
677 3452 772 3532 eopiis
783 3450 929 3522 firmuvit;
953 3453 1097 3523 Bruttios.
1112 3454 1257 3525 Luoonos,
1271 3452 1338 3515 Sul-

390 3542 526 3617 lentinos,
540 3566 601 3607 esse
608 3547 699 3625 jussit
711 3548 741 3607 in
753 3548 884 3608 sinistro:
905 3546 1090 3621 Tarentinos,
1104 3569 1228 3629 quorum
1241 3550 1339 3610 viruiti

390 3643 484 3703 miuus
496 3643 645 3716 eredebst‚
659 3645 688 3705 in
703 3644 830 3706 medinm
842 3646 937 3707 eciem
945 3647 1064 3726 recepit
1086 3645 1250 3707 Consulum
1262 3647 1338 3706 noies

390 3737 563 3817 legiouorios
576 3740 706 3802 habebnt
726 3740 845 3813 milites,
859 3740 978 3801 auxiliis
993 3740 1067 3801 levis
1081 3751 1236 3801 ormotrmae
1249 3742 1337 3821 sptis·

387 3835 460 3895 dms
474 3836 665 3896 intermixtis:
688 3837 808 3917 purique
823 3837 939 3915 iugenio
954 3846 986 3896 et
1003 3846 1234 3917 temperamento
1246 3838 1338 3897 subsi-

387 3931 503 3991 diorum
511 3930 626 3991 ordines
632 3931 837 3993 distinxerunt.
860 3932 1030 4013 Equitem,
1045 3934 1073 3991 in
1086 3952 1198 3993 eornun
1204 3933 1335 4005 diffissus,

391 4044 487 4106 neque
501 4027 709 4107 impedimento
722 4028 836 4088 futums
847 4038 911 4088 erst
922 4027 1051 4108 pedestri
1065 4028 1178 4110 proelio,
1187 4039 1227 4099 et,
1236 4031 1261 4088 si
1273 4031 1337 4108 quis

389 4142 475 4182 cneus
488 4125 610 4201 egenos
621 4127 664 4190 rei
679 4126 758 4189 riom
773 4128 943 4206 oportuisset,
956 4134 1063 4207 proesto
1075 4135 1148 4185 erut.
1191 4124 1274 4187 Inter
1286 4146 1335 4187 en-
