2917 4767
407 391 510 439 nrnnr
535 390 605 439 xx.
628 388 952 440 surrnnnnu‘ruu.
1145 374 1233 439 1635

92 534 184 591 mani
204 530 329 591 auxilie
348 530 495 592 dederunt
515 532 671 603 Romanis,
684 534 835 594 hominnm
848 534 942 593 millia
952 533 1067 612 viginti,

94 629 154 706 qui
167 628 250 705 jui
262 638 335 688 sunt
352 628 493 689 finitimos
507 630 598 689 Boios
610 638 689 689 metu
704 638 733 688 et
749 629 864 688 damnis
885 630 924 688 ad
943 630 1068 709 patriam

95 722 250 783 tuendam
272 744 392 801 cogere,
406 744 443 783 ne
463 744 531 784 oum
548 726 653 785 ceteris
673 725 799 784 bostium
819 725 911 804 copiis
928 724 1066 803 conjungi

96 828 248 897 ponent:
274 820 396 898 quando
417 840 438 879 a
457 820 586 879 bellandi
607 821 729 881 consilio
747 819 903 898 legationis
921 820 1068 879 Romana

97 914 212 973 sudis
232 916 355 974 avocari
375 916 575 993 nequiverant.
617 916 744 976 Venetis
755 918 832 975 enim
846 924 877 974 et
890 915 1068 975 Cenomanis
1095 928 1215 983 stabat.

99 1009 142 1068 ad
155 1011 385 1070 instaurandam
393 1032 461 1070 cum
471 1012 580 1092 populo
590 1012 730 1072 Romano
741 1012 900 1072 amicitiam
912 1012 1067 1091 persuasis,
1082 996 1229 1121 'qlgfflh

102 1104 257 1165 Insubres
272 1107 401 1187 Boiique
415 1108 444 1166 in
458 1107 555 1167 hostili
570 1109 668 1167 animo
680 1108 887 1188 propositoque
907 1107 1067 1187 perstitere.
1079 1127 1121 1173 aa.

103 1199 243 1261 Minuta
264 1212 365 1261 tamen
385 1204 460 1262 vires
471 1223 571 1263 eorum
583 1213 662 1273 sunt,
676 1223 734 1263 non
754 1204 837 1283 ausis
843 1222 959 1262 omnem
972 1222 1066 1261 arma-
1145 1236 1150 1250 ·

102 1304 210 1357 ίοιιιιιι
231 1298 452 1359 multitudinem
471 1299 594 1359 educere
614 1301 742 1378 regibus,
763 1300 932 1378 coactisque
954 1307 1080 1379 partem

99 1394 279 1471 juventatis
299 1394 339 1453 ad
358 1394 434 1453 lines
445 1394 645 1455 defendendos
663 1395 838 1474 relinquere.
879 1393 931 1454 Ita
948 1393 1067 1473 reliquis

105 1508 179 1549 eum
202 1490 299 1570 copiis
312 1490 457 1569 (peditum
470 1492 683 1569 quinquaginta
700 1490 806 1560 millia,
818 1490 951 1568 equitum
962 1489 1067 1567 viginti

107 1587 358 1663 numerabantur)
373 1588 428 1645 iter
439 1606 492 1667 per
506 1587 655 1646 Etruriam
669 1594 782 1646 tentare
794 1595 953 1667 coeperunt.

151 1686 206 1740 ὃ.
229 1679 353 1741 Interea
368 1680 403 1739 L.
418 1680 556 1742 AEmilius
569 1682 612 1748 Q.
627 1681 663 1741 F.
678 1680 737 1742 Gn.
753 1681 798 1742 N.
813 1681 929 1762 Papus,
943 1682 982 1740 0.
996 1680 1066 1740 Ati-

108 1774 170 1834 liu
192 1776 241 1834 M.
263 1775 299 1834 F.
324 1776 370 1835 Μ.
396 1775 441 1835 N.
464 1776 599 1855 Regulus
611 1781 637 1809 '⁰
663 1777 821 1837 consulest
843 1775 1011 1835 Sardiniam
1037 1785 1068 1835 et

109 1870 287 1931 Ariminum
300 1891 367 1933 cum
379 1872 477 1931 vicina
490 1871 594 1932 Gallia
606 1873 771 1952 provincias
783 1872 946 1933 obtinuere.
980 1870 1067 1930 Sardi
1079 1879 1162 1928 baar.

109 1968 191 2027 enirn
218 1970 335 2045 gravati
360 1978 530 2049 perpetuam
557 1968 689 2029 Romani
715 1969 847 2049 praetoris
871 1968 1066 2047 presentiam,

112 2064 268 2142 imaque
281 2083 339 2123 non
354 2074 421 2123 ante
433 2074 616 2145 conspectos,
631 2064 735 2123 iterum
747 2064 917 2123 tumultuati
933 2062 1066 2123 suerent:

111 2160 164 2219 sed
183 2160 240 2219 bos
260 2158 299 2219 C.
315 2159 429 2219 Atilius
448 2160 549 2220 consul
569 2160 650 2219 baud
668 2180 775 2237 magno
793 2160 911 2237 negotio
928 2159 1066 2218 ootrcuit
1094 2171 1181 2237 Polyb.
1199 2188 1229 2219 ιι.

113 2256 218 2334 Major
231 2255 324 2315 moles
338 2254 373 2315 L.
388 2256 509 2317 AEmilio
521 2275 589 2317 cum
603 2254 702 2315 Gallis
714 2255 782 2326 fuit,
796 2263 934 2335 perrupta
947 2254 1068 2314 Etruria
1078 2241 1226 2367 &libili

112 2350 249 2413 Βοιιιιιιιι
270 2350 463 2412 tendentibus.
506 2352 567 2412 Eos
585 2360 702 2432 prator,
718 2353 766 2411 cui
785 2352 905 2411 Etnrria
917 2350 1119 2432 prorinciass.

109 2447 236 2507 demeto
247 2446 357 2515 luerat,
369 2467 437 2506 cum
450 2466 549 2507 arcere
561 2448 684 2507 mansitu
697 2448 885 2527 nequivisset,
898 2448 979 2507 circa
992 2445 1067 2505 ctu·
1079 2430 1181 2543 gotyb.
1193 2444 1226 2475 ¹¹·

108 2544 188 2601 sium
214 2550 399 2609 consecutus,
423 2538 566 2619 precipiti
592 2538 622 2597 in
649 2559 786 2598 occasum
807 2544 868 2611 die,
891 2551 989 2601 castra
1009 2560 1066 2600 non
1097 2533 1182 2620 pityb.
1193 2570 1226 2601 11.

110 2638 217 2719 procul
245 2638 286 2695 ab
311 2635 466 2696 hostilibus
487 2634 593 2714 posuit.
646 2634 743 2705 Galli,
765 2656 825 2713 quo
850 2634 1004 2695 Romanos
1027 2627 1120 2695 adn·

111 2753 246 2813 pugnam
264 2732 414 2801 elicerent,
431 2730 572 2789 meditato
592 2728 673 2800 dolo,
686 2750 754 2789 oum
774 2732 853 2789 omni
874 2731 1006 2809 peditatu
1027 2732 1066 2789 ed

111 2830 258 2909 oppidum
283 2826 415 2887 Paculus
442 2835 584 2887 nocturno
610 2826 712 2885 itinere
738 2826 928 2906 perveniunt:
959 2824 1068 2885 relictis

112 2924 278 3004 equitibus,
297 2924 404 3004 quibus
423 2924 595 3003 imperatum
615 2921 721 2990 luerat,
743 2930 779 2979 ut
796 2930 861 2979 orto
880 2920 930 2980 die
950 2922 1066 3000 conspi-

114 3020 237 3081 ciendos
257 3040 289 3079 se
307 3028 420 3078 tantum
443 3018 606 3099 preberent
626 3017 769 3086 hostibus,
781 3015 888 3075 deinde
907 3017 1006 3074 statim
1028 3016 1067 3075 ad

116 3116 232 3197 pedites
244 3136 276 3174 se
289 3114 440 3184 referrent,
452 3122 548 3173 castra
560 3112 598 3172 ad
612 3111 809 3192 recipiendum
822 3112 984 3190 equitatum
1001 3112 1067 3171 lros·

116 3222 220 3293 terque
233 3231 273 3271 ex
284 3210 441 3290 improviso
451 3209 613 3269 turbandos
625 3216 696 3288 apto
709 3208 775 3267 loco
788 3207 945 3266 habituros.

156 3315 208 3371 37.
232 3308 280 3366 Ea
292 3307 372 3365 fraus
380 3305 524 3365 Romanis
534 3305 680 3384 imposuit,
691 3313 724 3364 ut
733 3304 817 3383 quasi
825 3302 970 3381 fugientes
979 3304 1066 3364 avide

117 3412 323 3483 sequerentur:
345 3404 388 3461 ita
399 3404 478 3461 circe
491 3400 622 3460 Faesulas
635 3420 654 3459 a
666 3401 831 3461 recentibus
842 3409 874 3460 et
890 3401 1000 3479 paratis
1012 3421 1065 3459 ex·

117 3501 196 3581 cepti
217 3497 377 3568 mutiensi
397 3518 494 3566 cursu,
511 3506 542 3557 et
561 3496 693 3567 oonsilio,
706 3504 741 3556 ut
760 3498 790 3555 in
810 3518 841 3557 re
861 3516 916 3557 nee
933 3497 1064 3577 opinata,

117 3596 259 3656 destituti.
295 3593 386 3660 Quod
400 3612 490 3653 unum
500 3602 660 3672 supererat,
674 3592 831 3672 pugnando
842 3594 917 3653 tueri
928 3594 1064 3662 salutem,

120 3701 170 3751 aut
195 3690 347 3751 vindicare
368 3690 537 3767 sanguninem
557 3696 701 3747 statuere:
734 3689 787 3749 sed
806 3699 911 3769 praeter
930 3687 991 3747 alia
1010 3707 1064 3746 nu-

118 3808 196 3849 mero
216 3806 337 3867 quoque
357 3783 541 3845 vincentibus
562 3782 670 3854 Gallis,
692 3784 789 3863 plures
811 3806 864 3845 sex
887 3783 1016 3843 millibus
1035 3783 1065 3839 in

149 3946 179 3992 1⁰
196 3940 240 3991 lta
254 3940 332 3991 Crer.
345 3953 377 3988 ex
390 3938 461 3987 Fert.
474 3935 561 4000 Capit.
588 3934 656 3985 Edd.
672 3937 772 4000 priores
792 3940 821 3988 C.
833 3938 924 3987 Atilius
934 3934 972 3983 M.
984 3932 1014 3983 F.
1026 3934 1066 3985 Μ.

400 4184 416 4221 P
432 4176 464 4229 A·
475 4175 509 4229 U.
520 4176 549 4227 C.
561 4181 617 4229 tat.
636 4178 668 4229 A.
682 4178 713 4229 C·
724 4180 782 4228 Μ.
