2917 4767
570 401 643 449 urs.
676 400 789 447 xxiv.
1138 380 1228 445 tuen

155 559 225 595 sero
234 544 344 595 elenen
354 556 379 593 c.
390 542 494 591 usrintu
506 542 539 592 sd
551 544 645 593 ostium
657 551 748 607 pertus
764 542 921 607 Syrncusnui
933 540 1064 591 ndnroret.
1090 543 1132 591 28.
1145 541 1225 604 Apol·

156 624 265 675 inuidet
277 624 419 687 principum
431 637 497 671 nuos
509 624 617 672 sslntsri
629 625 747 673 orations
759 623 861 697 nundet,
873 630 901 671 ut
913 637 964 673 nno
975 624 1059 673 anino
1077 636 1166 672 omncs
1179 620 1226 684 Sy-

155 705 282 755 rncnssni
295 703 336 753 rel
346 704 379 751 sd
391 704 487 752 Poenos
499 704 540 751 rel
556 702 589 752 nd
602 704 729 752 lintunnos
746 703 882 757 inclinent,
891 711 920 750 et
930 716 989 752 curu
1000 704 1037 751 bin
1051 703 1136 765 potius
1153 708 1227 749 retus

157 794 304 835 renovetur
320 782 415 846 fredus,
432 783 494 847 quin
510 784 644 845 extemplo
660 788 706 830 snt
723 797 783 846 psa,
794 792 839 831 aut
851 782 944 831 bellam
958 798 1016 831 cum
1029 782 1060 830 iis
1072 780 1227 831 babendum.

158 866 231 917 Qua
245 880 287 913 res
297 878 370 928 sepe
387 865 474 927 egitur
490 862 590 924 magnis
608 862 806 924 certaminibus,
815 870 843 911 et
861 869 993 925 postremo
1005 876 1096 924 pacem
1106 874 1163 911 cour
1177 859 1226 908 tto·

158 945 247 993 mnuis
257 944 313 993 lieri
328 944 425 1005 plscet.
457 946 499 991 to.
514 943 552 991 En
571 956 629 989 snos
642 942 772 1004 rumpitur
783 940 815 990 sb
830 942 1003 1005 Hippocrate,
1013 943 1056 1005 qul
1067 956 1125 991 cnm
1138 940 1227 1004 presi·

158 1024 209 1073 diu
221 1025 360 1073 Leontinos
370 1024 461 1072 missus
472 1023 630 1086 prouinciam
643 1022 719 1072 Rom.
740 1020 864 1073 inientes:
882 1030 909 1070 et
929 1022 1053 1071 Marcello
1071 1022 1104 1071 de
1119 1020 1228 1083 perfidia

159 1112 301 1167 querente,
311 1102 441 1166 Epicyden
452 1113 479 1152 et
496 1103 551 1165 ipre
571 1102 599 1151 iu
612 1102 753 1151 Leontinon
773 1102 1062 1165 promunturiumque
1074 1100 1203 1151 abalienet
1214 1117 1230 1150 a

159 1183 344 1246 Syracusanis.
376 1186 418 1231 stt.
435 1182 506 1231 Hinc
521 1189 550 1231 et
562 1182 702 1231 Hsrcallus
720 1189 749 1231 et
765 1181 920 1245 syracus-nt
932 1183 1076 1232 exercitum
1087 1182 1229 1231 Leontinus

160 1262 276 1313 ducunt.
310 1262 359 1311 ttte
371 1263 453 1325 primo
464 1262 562 1324 impetu
579 1262 669 1311 urbem
680 1270 833 1325 expugnem
850 1261 876 1311 bl
888 1261 1049 1312 Herbessum
1060 1260 1231 1321 contendunt,

160 1356 218 1405 quo
241 1341 418 1405 Hippocrates
432 1350 511 1407 etque
529 1341 660 1405 Epicyden
682 1341 859 1405 perfugerint.
892 1346 933 1393 il.
961 1342 1011 1393 Qui
1036 1352 1121 1392 tamen
1144 1339 1231 1391 callidi

159 1423 262 1474 fratres
271 1423 363 1474 frande
373 1433 402 1473 ct
411 1423 480 1473 lictis
491 1425 589 1475 nuntiis
601 1425 708 1488 primunr
719 1440 810 1486 ngmen
822 1427 848 1475 in
865 1426 953 1483 duces,
970 1426 1064 1476 deinde
1077 1426 1179 1487 piebem
1191 1422 1231 1485 ip-

161 1519 274 1567 anmqne
284 1512 403 1555 senstunt
417 1506 541 1567 Syrscns.
556 1505 701 1555 seccndunt
712 1506 739 1554 in
754 1506 891 1559 Romanoa.
924 1510 965 1555 nli.
983 1508 1115 1557 Pretorcs
1131 1500 1232 1553 interfi-

163 1586 282 1647 cientur,
292 1592 320 1634 et
337 1588 364 1635 in
383 1588 467 1635 locutu
485 1601 574 1636 eornm
592 1592 714 1635 creantur
735 1586 909 1650 Hippocraten
928 1596 1007 1649 etque
1020 1586 1159 1649 Epicyden.
1191 1588 1232 1633 lin.

164 1666 240 1715 Hinc
251 1666 392 1715 Hnrcellnn
404 1675 489 1715 castre
500 1665 534 1716 nd
545 1666 688 1729 Syricum
707 1676 805 1723 moret,
823 1675 850 1718 et
869 1668 961 1732 legetis
976 1669 1031 1731 ejus
1049 1681 1107 1715 cum
1119 1664 1233 1728 snperbn

163 1746 293 1810 Epicydis
305 1761 429 1811 responso
441 1747 565 1803 remissis,
583 1754 653 1795 terrn
674 1748 793 1810 tutarique
812 1748 889 1797 simul
907 1750 969 1797 urbs
987 1753 1161 1811 oppugnatur.
1193 1748 1234 1795 bi.

166 1827 236 1877 Qun
250 1830 415 1891 oppugnatio
428 1828 543 1878 eluditur
559 1828 658 1879 bellicis
676 1829 813 1878 tormentis
833 1828 1016 1892 operibusque,
1026 1829 1059 1877 ab
1077 1824 1233 1877 Archimede

164 1908 289 1958 inventis.
323 1912 365 1958 tt.
381 1909 476 1972 ltaque
493 1908 637 1957 Marcellus
653 1906 776 1957 obsidere
794 1908 883 1957 orbern
903 1908 1006 1971 statuit,
1024 1915 1051 1959 et
1064 1908 1150 1956 ricino
1161 1906 1233 1969 cepit

165 1988 343 2050 oppiduim
362 1989 396 2037 nd
417 1990 514 2039 Poenos
530 1988 700 2039 desciverant.
733 1990 785 2039 Per
800 1988 868 2039 idem
888 2002 949 2037 reto
961 1996 1064 2051 tempus
1078 1988 1191 2037 Himilco
1202 1984 1234 2033 nd

166 2067 324 2117 Hernciasm
334 2070 450 2119 Hincntn
461 2070 605 2119 exercitum
615 2073 705 2120 28404.
720 2070 855 2119 bominum
861 2068 977 2134 exponit,
989 2074 1145 2131 receptoque
1158 2064 1235 2127 Apri·

168 2156 250 2211 geute
261 2157 346 2198 castra
357 2150 428 2197 circs
440 2150 550 2199 Aenilinu
563 2150 654 2213 pouit;
677 2149 722 2199 nbi
734 2150 823 2200 dccetu
834 2150 914 2199 millia
926 2150 1154 2214 Syrscosnnornm.
1167 2146 1235 2195 duce

168 2226 337 2291 Hippocrate
348 2237 426 2278 noctu
439 2229 503 2278 urba
515 2244 629 2291 egressu,
639 2243 668 2279 ne
679 2231 703 2280 ei
719 2232 891 2295 conjungunt.
924 2234 965 2281 tu.
982 2230 1047 2279 lilnx
1064 2238 1091 2279 et
1106 2228 1236 2278 Bomilcnr

121 2308 126 2320 ‘
169 2321 230 2357 curu
250 2308 330 2357 cinere
343 2308 368 2357 in
389 2322 510 2371 mugnnm
528 2310 713 2371 Sprncnsnrnnr
725 2318 839 2370 portum,
849 2318 876 2360 ct
892 2311 961 2373 legin
973 2310 1100 2373 Rumina,
1112 2308 1236 2358 Panormi

170 2387 300 2449 exposite,
315 2386 347 2437 ad
360 2385 474 2451 Appium
493 2390 621 2451 pervenit.
651 2387 705 2437 Sed
723 2388 807 2452 Posui,
819 2396 903 2438 tntum
915 2388 949 2437 nd
963 2390 1105 2451 Syracusisr
1116 2396 1144 2437 et
1155 2386 1240 2439 munis

169 2474 262 2517 nentn
276 2474 305 2515 et
322 2466 420 2517 viribon
437 2469 538 2517 bostem
549 2482 608 2516 esse
623 2476 769 2523 cernentes.
786 2482 907 2533 moruus
919 2468 1004 2518 inutili
1016 2466 1049 2517 nb
1061 2468 1112 2516 nain
1123 2466 1238 2528 inopinus

171 2550 309 2612 emereri
325 2548 464 2609 rncinrnar,
477 2548 541 2598 nibil
558 2548 666 2609 andem,
677 2555 706 2597 et
721 2548 852 2599 Bomilcnr
867 2548 892 2597 in
909 2547 1024 2599 Africum
1037 2550 1114 2607 redit,
1124 2547 1240 2599 Himilco

172 2629 351 2694 Murgentinus
364 2627 547 2693 proficiscitur.
580 2632 622 2678 st.
638 2627 705 2677 Hec
722 2636 749 2677 et
761 2628 818 2677 nlius
836 2628 957 2679 ciritntes
968 2628 1001 2677 de
1014 2628 1161 2691 proditione
1173 2642 1240 2691 pre·

172 2710 297 2761 sidiornm
316 2710 393 2760 lium.
409 2709 577 2773 psciscuntur
594 2718 653 2756 cnut
666 2706 770 2766 Poeuis3
788 2706 814 2757 in
827 2706 857 2755 iis
869 2715 897 2755 ct
910 2706 1011 2768 Henna,
1023 2707 1065 2757 ubi
1078 2707 1107 2757 t..
1119 2708 1239 2757 Pinarius

172 2793 215 2842 nir
231 2805 292 2840 noer
307 2789 429 2855 presidio
451 2795 557 2852 preest.
589 2791 631 2837 ss.
649 2792 690 2837 39.
708 2786 737 2836 Is
754 2786 828 2837 ceals
851 2784 1034 2837 Hennensilrus
1054 2786 1178 2851 oppidutn
1194 2792 1240 2835 not

173 2873 243 2922 nsnlo
253 2877 300 2921 aut
309 2870 456 2921 necensnrie
466 2867 582 2919 t‘ncinore
594 2867 699 2917 retinet.

139 2959 184 3007 41).
200 2952 305 3003 Bellum
322 2966 380 3001 curn
393 2950 517 3014 Philippo
526 2948 701 2999 Mncedonum
719 2960 782 3011 rege
800 2953 927 2997 ororetur.
960 2946 999 2997 M.
1011 2944 1132 2995 Vsletlus
1145 2954 1242 3011 pretor

176 3034 295 3088 Oricum.
306 3032 340 3081 ab
351 3046 383 3081 eo
393 3040 582 3095 expugnatum,
592 3028 705 3092 recipit;
720 3035 749 3078 et
761 3028 794 3079 Q.
805 3028 913 3079 Naeuius
925 3026 1011 3077 Crista
1024 3024 1195 3090 Apolloniam,
1208 3026 1242 3077 nb

176 3112 270 3163 codem
283 3112 423 3168 obsessam,
438 3112 543 3171 liberat,
558 3108 746 3159 Macedonibus
764 3117 842 3157 noctu
859 3107 990 3171 oppressis
1006 3106 1174 3171 frtgatinqnes
1191 3120 1243 3171 qun

177 3192 252 3245 facte
261 3208 309 3243 res
320 3200 393 3241 terre
401 3192 428 3240 in
437 3190 617 3241 Macedonicus
629 3190 782 3238 reuertitur.

139 3279 187 3325 41.
203 3274 236 3323 ln
247 3272 376 3337 Hispanis
389 3272 526 3335 Scipiones
542 3271 666 3320 ndrernur
683 3270 825 3332 Magonem
837 3274 865 3317 et
877 3266 1055 3317 Hnsdrnbnlet
1067 3281 1193 3331 prospere
1205 3282 1245 3316 ren

178 3361 284 3419 gerunt,
300 3361 328 3401 et
347 3352 480 3412 illitusglu
497 3352 685 3417 Bigerrntnqne
702 3352 808 3400 solvunt
825 3347 970 3399 obsidione.
1008 3352 1049 3399 ts.
1070 3348 1121 3399 'l'er
1138 3349 1245 3401 vineunt

180 3435 293 3493 Panott
307 3432 452 3496 Seguntunu
462 3432 600 3495 recipiunt.
611 3440 640 3482 et
650 3431 814 3482 Turdetanos
827 3429 948 3493 redigunt
958 3429 983 3477 in
995 3436 1160 3492 potestatem.

145 3518 190 3567 ts.
208 3515 297 3565 liotore
309 3514 460 3564 censoribus
477 3530 492 3562 a
512 3514 542 3564 1..
559 3514 669 3564 Metello
686 3514 749 3578 trib.
768 3514 804 3578 pl.
820 3512 876 3563 diet
888 3512 985 3563 dicitur
997 3511 1029 3563 nd
1043 3512 1176 3578 pnpnlnm,
1188 3527 1247 3563 con·

181 3596 301 3660 salesque
312 3603 435 3644 creentm
445 3594 486 3644 ut.
498 3594 666 3658 Sempronius
676 3595 810 3646 Gracchus
822 3608 854 3645 tt.
862 3602 891 3645 et
903 3594 937 3647 Q.
948 3594 1043 3645 Fabius
1053 3595 1126 3647 Mos.
1138 3596 1249 3644 consulis

182 3676 262 3726 illins.
295 3678 338 3727 44.
354 3673 517 3724 Dividuntur
529 3676 679 3738 provincie,
687 3684 715 3726 et
726 3676 846 3740 prodigis
857 3682 1036 3738 procurantur.
1067 3676 1161 3727 Fnbinn
1173 3686 1250 3741 petet·

182 3755 237 3806 filio
246 3756 348 3818 legatus
360 3756 392 3805 nd
404 3756 552 3807 Snesnulntn
563 3756 589 3805 in
601 3764 688 3807 cnstrn
699 3756 780 3813 venit,
791 3764 818 3806 et
836 3756 868 3805 sb
884 3770 915 3805 eo
926 3755 1086 3805 descendere
1096 3755 1249 3820 equojnbe·

183 3844 236 3887 tur.
268 3840 312 3886 tn.
329 3834 430 3885 Eodem
452 3836 519 3885 claro
539 3845 619 3885 nocte
642 3838 763 3900 persenit
784 3837 879 3887 Dasius
898 3834 1012 3885 Altinius
1031 3833 1155 3898 Arpinus,
1175 3835 1253 3885 bomo

182 3917 259 3965 diaes
269 3924 297 3965 et
308 3916 435 3981 ambigue
453 3917 526 3979 iidei,
535 3917 578 3981 quii
591 3915 676 3980 Arpos
693 3919 754 3967 nlint
773 3917 805 3965 sd
822 3915 995 3965 delectionem
1007 3930 1021 3963 a
1034 3915 1153 3963 Romanis
1166 3924 1250 3965 traxe·

184 4006 236 4060 snt,
245 4005 274 4047 et
292 4011 362 4046 nunc
379 3997 471 4047 iisdem
489 4010 517 4046 se
536 3996 699 4060 proditurum
716 4012 775 4047 enne
794 3995 933 4061 promittit.
965 3994 1027 4057 lpse
1044 3992 1078 4043 nb
1089 3994 1213 4044 ltincsler
1225 3998 1252 4045 in

184 4078 330 4127 custodiam
352 4079 482 4128 mittitur:
509 4076 642 4128 Hannibal
660 4086 748 4127 nutem
768 4077 838 4126 boun
856 4075 913 4140 ejus
934 4073 1050 4139 possidet
1070 4080 1097 4123 et
1115 4074 1252 4139 conjugem

182 4158 333 4222 liberosque
345 4159 416 4207 viros
426 4158 543 4209 conran
549 4158 638 4223 jubet·
669 4163 711 4211 tu.
729 4158 825 4210 Fabius
836 4154 923 4221 Arpnn
941 4160 1029 4205 cnstrs
1041 4162 1137 4217 moret,
1149 4154 1253 4207 orbem·

186 4252 236 4308 qne
253 4245 334 4291 noctu
350 4238 505 4305 ingreditur,
522 4240 608 4293 souitu
626 4240 745 4305 largioris
763 4237 886 4305 procelle
906 4236 1048 4301 strepitum
1061 4233 1254 4301 effringeutiutn
