2917 4767
411 398 590 448 nersroca
617 398 932 448 auncurarcnrn.
1132 384 1218 451 laun
1337 406 1341 414 ·

17 562 24 580 ·
48 583 56 594 ·
75 545 100 611 ’.
113 554 186 620 hus,
199 570 270 629 quas
289 550 380 609 etiam
401 548 678 618 ardeusdesiderio,
695 557 727 607 et
743 547 843 608 lavore
866 550 1023 627 quantovis
1043 547 1173 627 adjutus,
1187 557 1218 607 et
1240 614 1244 622 ,

98 644 216 705 'liberis
227 647 381 725 permissus
392 645 508 725 spatiis,¹
518 644 625 704 nedum
636 645 666 703 in
679 644 766 703 unius
778 642 909 721 epistolae
923 652 1044 703 coactus
1056 645 1216 721 angustias,

34 789 42 803 .
90 763 173 822 ·pre
192 742 336 819 dignitate
355 742 505 819 nequirem
525 740 642 819 exequi.
685 737 814 799 Confido
835 748 932 798 tamen
955 748 1217 818 temperamentum

31 843 40 856 “
117 839 172 907 rei,
186 836 266 917 quod
287 856 382 916 neque
401 836 456 894 'lu-
469 836 625 915 vituperes,
639 854 706 895 cum
726 854 765 894 ex
786 836 919 919 instituto
939 836 1087 914 praesenti,
1100 846 1162 894 tum
1177 856 1217 895 ex

27 947 66 981 ¹·
110 911 409 1011 :moribusutriusque
423 932 494 991 lore.
536 931 662 991 Namet
678 951 734 1009 ego
746 930 878 1011 proiecto
892 929 1090 989 adulationem
1102 924 1218 1005 omnem
1250 940 1256 952 '
1293 998 1297 1005 ¹
1349 928 1375 947 “’

10 1078 12 1093 ,
52 1011 64 1042 ⁰
113 1030 232 1095 Ll'ecum
252 1029 390 1097 detestor,
412 1047 506 1106 neque
524 1047 594 1087 sane
618 1028 736 1087 suavius
755 1026 861 1105 loquar
886 1025 998 1106 aliquid
1019 1029 1218 1099 assentatorie,
1274 1076 1280 1087 .
1346 1056 1353 1097 ;
1388 1028 1395 1043 ⁰

28 1112 32 1123 ⁸
119 1146 210 1205 quam
223 1125 270 1183 Tu
284 1125 396 1183 audias.
439 1125 480 1182 Et
495 1144 547 1203 pro
560 1124 693 1182 acumine
706 1122 814 1201 judicii
826 1121 884 1181 Tui
896 1142 954 1182 nou
968 1121 1094 1199 ignoras,
1106 1141 1152 1181 me
1162 1123 1220 1185 boc

38 1221 45 1236 ⁸
114 1242 185 1293 ‚effic
205 1222 334 1298 ingenio,
357 1219 449 1300 (quod
471 1220 556 1300 pauci
577 1220 683 1299 privati
704 1229 853 1299 prestare,
874 1229 907 1277 et
926 1220 1013 1297 pauci
1030 1218 1130 1296 Reges
1145 1219 1220 1305 serre
1296 1224 1357 1307 ῃ·
1412 1220 1418 1231 ’

10 1308 47 1355 ¹⁸
120 1322 269 1395 passima)
283 1324 327 1384 ut,
343 1315 463 1375 sidetur
478 1316 570 1396 optio,
584 1314 798 1395 prodesse‘l'ibi
814 1334 882 1374 cum
899 1313 1028 1394 periculo
1043 1300 1231 1386 offensionis,'
1324 1302 1329 1313 ²

44 1401 52 1415 ⁸
94 1408 161 1494 :au
187 1411 303 1490 placere
328 1432 379 1490 per
405 1411 602 1471 adulationem
626 1412 737 1481 malim,
757 1413 832 1471 citra
852 1430 989 1489 maguam
1010 1409 1222 1469 limitationem
1309 1426 1315 1437 ·
1353 1410 1382 1435 '·

24 1562 29 1575 ,
54 1487 63 1524 ¹
121 1507 198 1567 illud
211 1496 485 1566 videar‘electurus.
527 1507 635 1586 Itaque
655 1528 757 1567 secum
777 1509 853 1567 hanc
867 1509 896 1565 iu
908 1516 1020 1587 partem
1033 1506 1149 1585 peccari
1163 1524 1235 1583 noo,
1330 1511 1337 1545 ³

10 1600 37 1685 ¹⁸
121 1603 445 1683 posse,neintercedas
460 1602 603 1663 desiderio
621 1622 695 1664 meo.
738 1600 842 1663 Liceat
852 1603 938 1661 lateri
949 1621 1017 1681 quae
1029 1588 1222 1681 patimur,et,
1245 1598 1262 1609 ''
1313 1614 1318 1623 ·

12 1730 18 1745 ·
88 1716 94 1727 ·
122 1700 280 1759 simiseroa
292 1699 463 1779 plerumque
476 1718 562 1759 nemo
579 1702 662 1779 queri
675 1708 767 1770 vetat,
779 1718 832 1759 cur
847 1720 901 1759 nos
911 1698 956 1757 Te
973 1697 1112 1776 Principe
1124 1696 1224 1757 felices
1311 1686 1351 1785 '⁶⁰
1379 1704 1396 1765 ,⁹
1449 1755 1450 1770 ,

123 1804 208 1853 retes
234 1794 363 1854 modeste
392 1794 530 1873 gloriari?
572 1794 676 1855 Perire
703 1806 783 1855 certe
800 1814 859 1854 nou
879 1794 969 1853 debet
988 1801 1041 1852 aut
1059 1792 1127 1851 Tibi
1146 1801 1224 1852 recte
1262 1796 1280 1813 ‘¹

10 1886 21 1972 '⁸
127 1888 273 1947 laetorum
303 1890 367 1949 sola
401 1908 523 1959 merces,
550 1900 603 1950 aut
626 1892 710 1950 nobis
729 1891 809 1968 'grati
835 1890 925 1950 animi
950 1890 1070 1949 fructus.
1112 1888 1252 1947 lterum·
1313 1908 1351 1975 ,0
1380 1896 1410 1966 ἰ

127 1985 290 2062 accipimus
308 1984 459 2054 melicis,
480 1986 550 2043 dum
573 1995 698 2065 accepta
718 1985 922 2064 praedicamus.
963 1984 1024 2042 Sed
1046 1984 1132 2043 uideo
1154 1982 1225 2061 quid
1343 2008 1360 2061 ⁴.

64 2108 73 2127 ·
126 2078 262 2155 accidat:
284 2079 353 2137 dum
373 2081 496 2158 impetro
517 2080 662 2139 scribendi
678 2080 808 2150 veniam,
822 2078 925 2139 amitto
937 2080 1063 2159 spatium
1075 2088 1107 2138 et
1118 2078 1224 2138 locum.
1346 2084 1354 2117 ³

16 2235 23 2251 ,
117 2161 221 2241 'Quod
241 2176 327 2252 igitur
348 2194 438 2233 unum
453 2185 594 2254 superest,
610 2174 750 2254 quicquid
765 2194 845 2234 eram
861 2174 1036 2253 prolaturus,
1050 2173 1081 2233 id
1096 2194 1182 2233 omne
1196 2174 1224 2232 in
1344 2251 1347 2256 ⁴

10 2280 19 2348 ἒ,
73 2276 79 2287 ”
102 2324 110 2341 ,
166 2290 237 2331 ucss
258 2270 393 2350 periodos
412 2290 577 2354 congeram,
599 2290 636 2329 err
658 2290 834 2349 unoquoque
855 2290 959 2348 genere
978 2289 1092 2329 summa
1112 2279 1226 2329 unam

64 2380 84 2431 ,·
97 2370 113 2428 .'
127 2288 227 2445 dLita
246 2366 417 2425 delibando.
461 2366 540 2443 Ergo
560 2366 640 2444 quod
659 2366 697 2425 ad
719 2368 841 2425 virtutes
861 2365 928 2425 illas
942 2365 1033 2436 Tuas,
1047 2368 1153 2445 quibus
1170 2367 1227 2426 boc
1279 2406 1284 2417 -

18 2502 26 2526 .
58 2476 82 2529 ·,
128 2461 282 2559 inperium
295 2461 449 2539 magnifice
463 2461 632 2531 illustratur,
647 2463 761 2531 attinet,
774 2462 944 2522 utbreviter
956 2461 1121 2541 deiisqure
1134 2464 1228 2522 sentio

11 2570 12 2575 ’
35 2557 74 2626 ’,ι
101 2618 114 2645 ·
128 2556 336 2627 demonstrem,
348 2558 459 2637 aliqmd
476 2578 494 2615 a
510 2557 617 2616 Tacito
632 2566 729 2617 nosue
745 2557 937 2617 mutuandum
951 2576 1014 2616 esse
1026 2556 1121 2616 video.
1163 2557 1229 2617 Scis

10 2670 17 2733 '‚
125 2622 211 2729 ‘pud
225 2652 313 2712 illum
335 2661 485 2713 auctorem
508 2652 545 2711 C.
562 2651 708 2711 Cesaram
730 2673 749 2711 a
769 2651 889 2711 'liberio
908 2652 1063 2731 increpari,
1075 2653 1159 2729 quasi
1177 2654 1228 2730 qui

28 2726 42 2758 ‘
93 2822 98 2830 .
129 2746 293 2807 nuum-ex
309 2749 344 2808 a.
360 2747 453 2827 syuae
471 2748 885 2819 mahumetanorum,
898 2747 1132 2807 eromenes.
1162 2746 1229 2825 ugo

57 2824 63 2838 ’
130 2840 197 2901 vdre
216 2853 289 2922 puto
309 2846 339 2902 in
359 2844 404 2905 Te
424 2846 479 2905 hoc
497 2846 601 2905 inverti
621 2866 716 2925 posse,
730 2855 763 2903 ut
775 2864 875 2904 omues
893 2843 1136 2923 praedecessorum
1148 2843 1229 2903 Tuo·

57 2974 61 2985 ·
132 2956 194 2998 ram
207 2938 318 2997 habeas
331 2940 462 3009 virtutes,
475 2942 564 3011 vitiis,
578 2942 602 2999 si
624 2959 692 3018 quoe
709 2939 837 3009 luerunt,
856 2939 980 3005 relictis3
1001 2948 1091 3019 atque
1109 2939 1184 2999 adeo
1196 2950 1232 3000 ut

83 3016 90 3093 l
133 3033 252 3109 mutina
266 3033 383 3093 illarum
395 3035 502 3093 decora
514 3034 597 3095 novis
609 3043 640 3093 et
651 3034 777 3093 antehac
789 3054 879 3113 regno
892 3035 960 3092 lruic
975 3033 1129 3111 incognitis
1140 3035 1232 3096 virtu·

50 3138 55 3149 ·
88 3160 95 3173 ·
133 3127 210 3187 tibus
222 3148 342 3206 augeas.
384 3130 531 3209 Equidem
545 3130 688 3209 prioribus
707 3132 800 3189 etiam·
816 3128 931 3189 sacculis
948 3128 1230 3211 uoudeiuisseprre-

75 3294 79 3305 Ι
132 3223 226 3289 claros
240 3224 344 3303 Reges
356 3224 496 3283 arbitror:
526 3227 577 3285 sed
600 3235 698 3285 tamen
717 3225 815 3285 nescio
835 3223 982 3304 quomodo
1002 3243 1063 3283 rem
1081 3222 1231 3287 Sueticam

49 3334 55 3351 ·
105 3306 283 3403 'gnuuquam
296 3321 335 3380 ad
356 3320 501 3381 celebrem
521 3320 651 3399 aliquam
671 3320 871 3381 durabilemre
883 3321 1112 3399 magnitudinem
1124 3342 1232 3383 evene*-

47 3414 50 3420 ’
135 3426 208 3475 mut.
253 3415 333 3475 Laus
352 3418 409 3475 ista
432 3425 496 3477 tota
517 3416 811 3477 Gusrrvrnrrnn
837 3427 892 3488 cst,
912 3438 1036 3497 quorum
1062 3438 1148 3478 nemo
1169 3421 1232 3481 sine

66 3517 69 3521 '
135 3512 244 3589 ingenti
259 3511 361 3590 aliqua
380 3513 482 3591 patrie
496 3512 622 3573 utilitate
639 3514 794 3591 regnavit,
822 3512 856 3572 N
858 3533 907 3572 am
926 3523 957 3572 et
976 3534 1085 3573 errores
1104 3535 1231 3593 quorun-

10 3594 38 3677 ¹,
69 3648 77 3667 .
135 3606 202 3667 dam
230 3607 418 3686 profuerunt:
453 3609 591 3689 Ericique
615 3620 646 3670 et
672 3609 851 3688 Sigismrmdi
872 3630 967 3679 casus,
989 3609 1061 3688 quid
1085 3610 1233 3672 offendere

10 3684 16 3707 ⁸
42 3694 49 3707 '
126 3702 238 3780 ,Reges
252 3705 371 3781 possuit,
391 3703 567 3767 documento
586 3716 669 3775 auctr
691 3706 937 3784 quemadmodum
952 3716 984 3765 et
994 3705 1078 3775 alios,
1094 3710 1235 3785 quamsit

26 3788 33 3808 ⁸
139 3801 262 3857 intutum
279 3800 420 3879 proritare
437 3800 586 3881 Principis
602 3802 792 3872 iracundiam,
808 3800 910 3861 Caroli
921 3804 1060 3862 severitas
1071 3802 1232 3865 admonuit

137 3868 224 3953 llnds
244 3914 314 3954 vero
327 3894 531 3966 Guaravos,
545 3906 575 3957 et
593 3918 692 3957 eorum
709 3896 885 3957 immortalia
904 3897 1058 3969 beneficia,
1071 3900 1137 3978 quis
1151 3900 1233 3964 cala·

80 4008 92 4065 ·,
140 4006 212 4079 μ,
226 3999 278 4049 aut
290 4010 357 4070 quac
371 3992 466 4053 oratio
478 3996 547 4056 satis
563 3994 712 4055 celebret?
733 4014 856 4074 quonum
870 4004 992 4072 uterque
1007 4003 1106 4055 tantas
1120 3996 1187 4067 tuit,
1200 4010 1235 4057 ut

132 4084 167 4142 'si
184 4104 249 4145 cum
272 4086 340 4145 aliis
364 4088 533 4159 contendas,
558 4090 644 4151 facile
665 4089 820 4170 praeieras3
849 4089 893 4147 sin
909 4090 1068 4177 ‘compares
1093 4090 1168 4149 inter
1190 4112 1233 4162 se,

146 4178 254 4255 tarium
265 4182 348 4245 dicas
366 4193 398 4243 et
419 4184 495 4245 hunc
515 4196 546 4251 ct
565 4187 647 4247 illum
668 4186 756 4247 luisse
776 4186 948 4267 maximum,
961 4204 1050 4263 quam
1066 4192 1130 4247 uter
1142 4188 1236 4264 major

125 4316 128 4323 .
160 4302 187 4335 υ
215 4320 223 4337 1
920 4288 944 4311 ‘⁸
