2917 4767
473 385 551 433 ers.
573 383 662 432 xxr.
684 385 769 433 cnr.
790 369 845 434 63.
1120 371 1207 438 1763

78 527 161 592 lium
185 534 225 592 et
250 529 432 592 solennem
454 535 607 593 votorum
623 528 905 612 nuncupationem
925 525 1073 611 fugisse:
1096 549 1137 594 ne
1152 531 1206 595 die

80 632 154 694 initi
182 630 439 715 magistratus*
461 631 560 696 Jovis
583 631 701 714 optimi
725 630 868 695 maximi
894 630 1051 712 templum
1074 632 1203 696 adiret:

80 751 121 793 ne
145 738 333 805 senatum,
343 732 488 798 jovinus
513 732 631 814 ipse,²⁰
657 738 692 796 ct
716 732 782 795 sibi
807 733 864 796 uui
890 733 1047 808 inrisum,
1077 733 1206 797 videret

82 833 375 915 consuleretque:
398 851 440 896 ue
464 832 606 896 Latinas
631 831 804 908 indiceret,
827 832 973 915 Jovique
997 831 1126 897 Latiari
1150 854 1205 898 so-

82 931 176 995 lenne
203 953 354 998 sacrum
378 935 412 997 iu
437 941 550 997 moute
574 933 700 997 faceret
713 942 745 993 :¹
763 953 814 1008 ne,
834 935 1012 1016 auspicato
1033 935 1204 1018 profectus

82 1033 115 1095 in
138 1033 365 1116 Capitolium
390 1035 434 1099 ad
460 1041 540 1098 vota
562 1034 800 1117 nuncupanda,
826 1035 1011 1118 paludatus
1031 1036 1109 1099 iude
1125 1057 1201 1100 cum

83 1135 268 1200 lictoribus
296 1137 342 1199 ad
365 1136 595 1219 provinciam¹
618 1136 691 1200 iret.
737 1135 836 1202 Lixsa
858 1137 986 1200 morlo*
1009 1139 1079 1200 sine
1103 1138 1202 1218 insig-

86 1237 197 1312 nibuS,
213 1238 298 1300 sine
314 1238 502 1313 lictoribuS,
526 1236 710 1320 proiectum
734 1237 832 1314 clam,
858 1236 985 1314 furtim,
1002 1238 1090 1302 haud
1108 1238 1204 1301 aliter

84 1357 184 1419 quarn
203 1340 236 1402 si
252 1339 357 1403 exilii
372 1358 477 1402 causa
490 1339 599 1403 solum
611 1339 775 1403 vertisset.
822 1340 936 1421 Magis
949 1358 1009 1422 pro
1021 1341 1201 1421 majestate

87 1439 249 1505 videlieet
269 1439 405 1522 imperii
424 1439 580 1515 Arimini,
604 1458 706 1524 quarn
727 1437 860 1519 Rornae,
888 1442 1118 1524 magistratum
1140 1442 1202 1505 ini-

87 1548 210 1616 turum,
225 1550 266 1605 et
282 1543 321 1604 in
336 1541 530 1605 deversorio
545 1539 718 1623 hospitali,
734 1560 834 1622 quarn
850 1542 940 1624 apud
959 1550 1094 1625 penates
1110 1562 1202 1619 suos,

89 1649 302 1723 praetextam
332 1641 539 1706 sumturum!
595 1641 838 1707 Revocandum
865 1644 1004 1708 universi
1038 1645 1202 1707 retrahen-

89 1743 236 1827 dumque
248 1751 469 1822 censueruut3
484 1751 519 1808 et
530 1744 712 1825 cogendum
726 1744 881 1806 omnibus
895 1744 987 1826 prius
999 1753 1202 1827 praesentem

91 1845 122 1905 in
136 1843 235 1908 Deos
248 1844 475 1927 hominesque
490 1844 584 1922 fungi
598 1845 729 1923 officiis,
746 1863 846 1929 qnam
863 1845 905 1909 ad
919 1848 1105 1910 exercitum
1121 1853 1154 1910 el
1167 1848 1201 1912 in

89 1946 311 2026 provinciam
335 1946 410 2010 iret.
453 1947 495 2011 In
518 1965 593 2010 earu
611 1947 810 2030 legationem
832 1945 982 2031 (legatos
1006 1947 1091 2010 enim
1115 1949 1201 2012 mitti

92 2045 234 2130 placuit)
251 2048 305 2127 Q.
317 2048 496 2113 Terentius
507 2055 541 2112 et
555 2047 607 2112 M.
623 2045 796 2111 Antistius
809 2047 962 2131 profecti,
976 2047 1082 2111 nihilo
1094 2049 1201 2131 magis

93 2166 164 2210 curn
179 2153 380 2228 moverunt,
406 2168 509 2231 quam
529 2150 633 2233 priori
649 2151 829 2215 consulatu
844 2149 951 2214 lilerm
967 2155 1141 2213 moverant
1156 2150 1200 2213 ab

94 2255 207 2314 senatu
222 2252 358 2316 missar.
402 2249 542 2316 Paucos
557 2258 635 2335 post
648 2251 721 2315 dies
736 2251 967 2333 magistratum
982 2251 1068 2327 iniit,
1084 2252 1201 2316 immo-

94 2349 241 2435 lantique
256 2354 291 2417 ei
312 2353 440 2417 vitulos
449 2352 522 2436 jam
538 2353 626 2416 ictus
641 2372 661 2416 e
677 2353 836 2417 manibus
851 2351 1105 2416 sacrificantium
1122 2373 1199 2418 sese

98 2468 170 2514 eum
194 2455 433 2538 proripuisset,
458 2454 584 2518 multos
607 2452 861 2519 circumstantes
885 2472 1001 2517 cruore
1030 2456 1198 2536 respersit

98 2549 189 2634 Fuge
202 2555 328 2637 procul
343 2556 445 2620 etiam
459 2554 569 2637 major
588 2553 677 2637 apud
699 2553 842 2636 ignaros,
866 2553 948 2637 quid
967 2555 1199 2636 trepidaretur,

98 2657 129 2714 et
146 2657 364 2722 concursatio
382 2657 458 2722 fuit.
503 2656 545 2721 ld
562 2675 584 2720 a
598 2656 769 2740 plerisque
793 2657 828 2718 in
854 2663 973 2718 omen³
998 2655 1110 2738 magni
1135 2667 1196 2720 ter-

101 2755 178 2818 roris
202 2768 394 2842 acceptum.
448 2757 656 2838 legionibus
686 2757 766 2821 inde
792 2755 924 2820 duabus
951 2775 972 2820 a
1002 2755 1198 2838 Sempronio

101 2855 215 2935 prioris
235 2859 320 2922 anui
337 2859 486 2935 consule,
507 2855 638 2923 duabus
653 2875 674 2920 a
690 2855 730 2921 C.
749 2853 851 2920 Atilio
872 2863 1015 2938 praetore
1032 2858 1197 2939 acceptia,

102 2955 134 3018 in
158 2957 326 3025 Etruriam
353 2980 415 3044 per
440 2957 639 3042 Apennini4
669 2957 817 3021 tramites
839 2957 1006 3021 exercitus
1038 2956 1115 3022 duci
1145 2967 1199 3022 est

102 3067 243 3141 coeptus.

132 3214 778 3286 *ammana-mmannetnlm

560 3363 740 3387 omuunn

104 3455 154 3508 nine
164 3461 243 3514 rlnbio
253 3478 344 3514 rernm
360 3471 411 3525 ent,
422 3463 519 3527 primns
535 3464 683 3516 Gronovius
701 3462 820 3526 recepit!
836 3462 929 3512 mnan
957 3461 1016 3513 Viri.
1028 3461 1090 3512 Not
1102 3462 1199 3512 Ver.-

106 3525 135 3570 lt
149 3525 208 3576 let.
223 3529 272 3579 lib.
288 3545 331 3593 ap.
341 3529 432 3592 Sigon.
445 3527 536 3578 ιἰωίω
546 3529 651 3592 ipsi-l
669 3528 740 3579 Olim
751 3528 854 3592 Jonr'qse
863 3527 956 3578 Latinli
966 3530 1059 3577 sobnae
1068 3541 1161 3578 ruerant
1171 3529 1197 3578 in

107 3594 175 3660 'tute
185 3592 434 3654 dimerserunt-2
451 3591 521 3642 Olim
533 3594 669 3657 legebatur
678 3595 805 3657 ululatur
815 3593 869 3642 inde
879 3595 911 3642 uri
919 3593 1073 3656 prwinciann,
1084 3593 1140 3642 siue
1153 3608 1197 3640 νο-

106 3649 170 3700 erbur
184 3669 235 3705 crin
253 3658 433 3706 Merita-8
449 3656 546 3707 Proin
561 3673 629 3708 canen
646 3658 717 3708 nuk.
736 3665 765 3706 et
785 3657 867 3706 urat.
879 3657 947 3720 conj.
966 3663 992 3706 rrt
1003 3672 1078 3717 amen,
1091 3666 1118 3706 et
1128 3657 1153 3708 J.
1167 3657 1196 3706 F.

109 3712 182 3767 Grau.
192 3735 267 3784 men,
280 3729 310 3772 ut
321 3737 363 3786 sp.
373 3721 437 3771 Tac.
448 3721 516 3771 Anu.
528 3735 548 3770 ι.
557 3725 649 3772 lte-l
667 3721 737 3772 Ollnr
749 3723 776 3770 in
788 3720 971 3781 saansaan
979 3735 1024 3783 per
1033 3719 1163 3784 Apennini.

591 3867 700 3917 NOTAE

112 3963 187 4009 auten.
209 3961 292 4013 Acnte
304 3963 450 4014 Gronovius
461 3963 529 4019 laune
540 3964 625 4014 locum
695 3974 708 4008 l
725 3965 765 4014 Ne
774 3965 813 4014 rlie
823 3963 881 4012 initi
890 3961 1054 4024 engitman
1064 3961 1118 4025 tra]
1141 3961 1195 4012 De·

109 4033 140 4080 rie
159 4040 311 4101 emendarit,
328 4055 387 4090 cum
409 4041 473 4091 nlius
494 4042 625 4103 legeretur
664 4037 1195 4092 scribunturrolerruinabinenntibuncou·

111 4112 429 4248 mimarum,
446 4117 489 4168 rel
506 4116 625 4166 maten·
664 4117 775 4167 saletum
787 4113 1026 4165 nerrrrieourueta.
