2917 4767
223 296 311 361 1812
697 309 732 357 r.
756 307 853 358 nrvrr

268 456 323 520 24.
356 452 534 519 Romanus
561 459 642 518 tnnc
670 455 843 518 exercitus
871 451 906 516 in
935 469 1014 535 agro
1044 447 1217 519 Immodi'
1242 454 1343 513 erat.

226 557 374 621 Praeerat
393 554 566 620 Minucius
581 555 737 636 magister
758 557 923 638 equitnm,
941 544 1106 639 profecto,
1134 554 1225 616 sient
1247 558 1346 614 ante

226 659 352 722 dietum
368 665 432 735 est,
451 657 495 722 ad
511 657 638 721 Urbem
653 656 825 721 dictatore.
869 655 1029 720 Ceterum
1044 661 1170 730 eastra,
1195 671 1282 736 quae
1303 652 1345 714 in

226 769 338 824 monte
353 759 422 824 alto
442 777 483 822 ac
498 763 571 822 tuto
589 757 670 822 loeo
689 759 806 841 posita
821 758 963 834 fuerant,
979 758 1053 841 jam
1068 757 1102 820 in
1117 755 1255 838 planum
1272 753 1344 815 de-

226 862 377 925 seruntur
388 867 422 925 :⁸
444 861 721 943 agitabanturque
737 877 799 942 pro
815 859 947 941 ingenio
964 859 1063 922 ducis
1083 857 1228 920 consilia
1243 854 1343 919 eali·
1441 841 1442 900 i

228 963 346 1040 diora,⁰
368 971 407 1027 ut
426 964 573 1046 impetus
598 967 659 1025 ant
679 962 714 1024 in
737 963 995 1025 frumentatores
1018 958 1181 1042 onerosa
1208 963 1270 1020 ant
1300 955 1344 1018 in

229 1069 352 1142 castra,
366 1062 653 1129 relictaonmlevi
668 1062 837 1144 praesidio,
854 1061 959 1125 fieret.
1005 1059 1079 1124 Neo
1096 1055 1344 1123 Hannibalem
1441 1059 1442 1144 i

229 1167 356 1237 fefellit,
371 1185 447 1230 enm
462 1164 549 1228 duce
564 1172 726 1230 mutatam
743 1183 818 1229 esse
833 1162 913 1228 betti
928 1163 1103 1238 rationem,
1121 1169 1156 1223 et
1170 1158 1341 1232 ferocius,

230 1286 332 1351 qnam
348 1265 545 1342 consultius,
567 1284 636 1330 rem
651 1265 763 1329 hostes
778 1271 941 1348 gesturos.
985 1263 1065 1347 lpse
1081 1273 1207 1336 autem,
1223 1257 1342 1342 (qnod
1441 1257 1442 1340 i

231 1369 367 1432 minime
386 1367 465 1447 quis
486 1362 661 1453 crederet)
684 1385 761 1431 cnm
779 1366 889 1430 hostis
910 1367 1049 1450 propius
1072 1371 1174 1440 esset,
1199 1361 1341 1427 tertiam

231 1478 362 1553 partem
381 1468 523 1532 militnm
549 1468 799 1546 frumentatum,
822 1467 957 1533 duabus
979 1467 1015 1530 in
1039 1467 1157 1530 castris
1182 1462 1342 1536 retentis,
1441 1527 1442 1562 r

233 1570 380 1636 dimisit:
402 1570 481 1634 dein
495 1578 607 1634 eastra
621 1570 698 1654 ipsa
713 1569 855 1654 propius
868 1570 995 1636 hostem
1009 1567 1124 1646 morit,
1145 1567 1215 1631 duo
1230 1566 1340 1629 ferme

234 1692 256 1736 a
277 1672 464 1738 Gerouio¹⁰
488 1671 606 1752 millia,
629 1671 665 1736 in
690 1672 853 1736 tumulum
878 1669 968 1736 hosti
992 1675 1271 1753 conspectum3¹¹
1295 1673 1340 1728 nt
1441 1699 1442 1748 t

233 1775 394 1838 intentum
419 1775 521 1840 sciret
543 1793 622 1839 esse
645 1774 688 1838 nd
711 1775 978 1851 frumentatores,
1002 1773 1031 1837 si
1056 1791 1123 1857 qua
1146 1773 1199 1836 ris
1225 1769 1339 1840 fieret,
1441 1751 1442 1832 i

234 1877 402 1940 tutandos.
446 1876 590 1960 Propior
612 1874 688 1940 inde
709 1875 741 1940 ei
769 1881 869 1958 atque
893 1875 979 1958 ipsis
1001 1875 1179 1939 imminens
1203 1870 1341 1934 Roma·
1441 1873 1442 1880 ’

234 1995 353 2041 norum
372 1977 494 2041 castris
518 1977 666 2043 tumulus
688 1978 867 2062 apparuit:
890 1977 935 2042 ad
959 1996 1057 2061 quem
1084 1972 1284 2058 capiendum
1306 1969 1340 2032 si

236 2077 314 2142 luce
326 2079 435 2160 palam
446 2079 559 2158 iretur,
575 2081 657 2164 qnia
668 2079 760 2144 hand
773 2078 875 2145 dubie
888 2081 995 2144 hostis
1010 2077 1163 2144 breviore
1179 2075 1236 2139 via
1247 2091 1341 2160 ρῐω-δ

237 2188 399 2244 venturus
432 2184 544 2257 erat,¹⁸
574 2188 673 2244 noete
701 2181 790 2245 elam
822 2181 918 2246 missi
950 2179 1109 2246 Numidae
1132 2181 1339 2261 ceperunw

238 2278 338 2356 Quos
353 2285 497 2343 tenentes
511 2280 634 2358 locum,
657 2289 827 2348 contemta
837 2285 1021 2367 paucitate,
1038 2281 1182 2346 Romani
1200 2287 1342 2361 postero

238 2378 293 2442 die
319 2399 394 2442 cnm
421 2379 658 2463 ejecissent,¹⁴'³
683 2382 751 2466 ipsi
780 2403 821 2448 eo
849 2385 1052 2449 transierunt
1076 2395 1202 2448 castra.
1246 2379 1342 2442 Tum

238 2480 364 2563 itaque,
390 2488 429 2564 ut
447 2481 609 2562 exiguum
632 2484 754 2567 spatii‘
777 2485 904 2549 vallum
930 2504 951 2551 a
975 2485 1067 2550 vallo
1090 2486 1218 2561 aberat,
1240 2489 1277 2546 et
1302 2480 1341 2543 id
1441 2483 1442 2486 ’

238 2583 351 2666 ipsum
370 2587 475 2646 totum
497 2603 604 2668 prope
627 2585 854 2669 compleverat
877 2587 1034 2652 Romana
1055 2587 1155 2663 anias,
1181 2582 1282 2648 simul
1304 2587 1343 2644 et
1441 2599 1442 2680 ζ

239 2702 299 2768 per
321 2703 440 2749 aversa
464 2693 613 2750 castraa
633 2687 755 2751 castris
776 2687 978 2753 Hannibalis
988 2685 1030 2736 ¹⁵¹
1053 2689 1238 2771 equitatus,
1262 2701 1341 2748 cum

271 2866 1011 2932 ermmmmeenmeapaumaomn
1021 2868 1176 2919 murare.
1298 2844 1302 2850 ’

273 2927 288 2963 ¹
304 2931 383 2981 Porro
394 2931 527 2982 mamm.

700 3025 881 3048 momen

274 3127 292 3171 9
310 3122 352 3172 ΑΙ.
369 3124 552 3184 numm-1⁰
567 3124 610 3175 ΑΙ.
627 3140 643 3173 o
662 3125 837 3176 Gaiana-ll
855 3125 957 3190 Lipsius
978 3141 993 3175 e
1013 3125 1105 3176 codice
1124 3140 1170 3176 ruo
1188 3133 1342 3176 notaverat:

243 3186 346 3236 tuatim
360 3187 387 3236 ia
402 3193 599 3251 emptum-it
622 3190 693 3240 Olim
708 3198 842 3253 mmmm
858 3195 992 3242 ema-ns
1009 3191 1142 3240 ‘Verbum
1159 3197 1273 3254 ceperim
1292 3207 1344 3240 oon

244 3250 301 3300 rina
313 3252 414 3302 ratione
426 3253 538 3315 abjicere
547 3254 662 3304 metebat
670 3255 835 3305 Gronovius?
851 3257 1008 3305 serora-14
1021 3255 1170 3320 [regendum
1180 3264 1268 3304 monet
1277 3256 1304 3308 J.
1314 3257 1343 3304 Ρ.

245 3315 360 3367 Gronov.
376 3315 524 3375 edeciment,
535 3318 603 3381 qnod
616 3326 643 3368 et
655 3319 680 3367 in
691 3327 791 3369 textrini
807 3321 909 3382 recepit
924 3321 1122 3384 Kreyssigae-lt
1140 3320 1225 3368 ‘Hae
1239 3323 1318 3368 vernn
1328 3337 1345 3369 a

244 3381 331 3428 enutris
349 3379 494 3430 Horaitnlie
514 3388 566 3430 tarn
583 3381 718 3432 Gronorio
734 3398 810 3448 quam
828 3385 960 3434 Crevierio
975 3393 1100 3448 suspecta
1116 3396 1202 3445 eranr,
1219 3386 1298 3434 aienti
1316 3392 1344 3433 et

245 3444 306 3493 mitri
317 3451 524 3506 suspectarum
541 3460 599 3495 nam
611 3447 672 3511 quid
684 3448 737 3499 sint
746 3463 828 3498 noerru
839 3449 981 3518 costrnjam
991 3463 1038 3514 per
1049 3464 1078 3500 se
1090 3456 1172 3514 patet,
1181 3463 1268 3514 neque
1279 3463 1343 3513 opus

742 3609 850 3660 NOTAE

278 3695 289 3733 ¹
298 3697 397 3759 Inugre
407 3697 533 3762 brinta]
549 3700 589 3750 De
599 3701 693 3751 larino
705 3703 776 3768 Ann-
815 3721 869 3756 eum
887 3706 1034 3767 deiecissent,
1054 3706 1123 3771 qnod
1144 3719 1207 3755 sane
1227 3707 1272 3758 trin
1287 3723 1345 3758 eon·

247 3779 290 3829 tin
310 3779 380 3842 otim,
401 3793 470 3829 nane
486 3780 631 3832 Conritatnr
649 3782 776 3850 Motiaini,
817 3782 901 3846 gruis:
914 3783 960 3832 sed
973 3796 1021 3834 nee
1033 3782 1096 3832 ittnd
1108 3783 1185 3832 atiani
1194 3783 1276 3833 habet
1287 3799 1342 3833 ren·

246 3855 440 3922 oppidoanprn.
817 3858 935 3908 tantiam.
1167 3865 1174 3876 ·

281 3942 292 3976 ὲ
312 3935 341 3982 Ιι
350 3937 446 3997 plorum
455 3933 605 4002 dotantur]
622 3937 716 3987 Castra
725 3939 774 3988 tto·
847 3932 854 3967 ¹
871 3935 923 3984 Per
932 3938 1106 3984 mersorum
1119 3947 1136 3982 s
1151 3935 1240 3982 eastris
1254 3933 1345 3984 Huni·

249 4022 325 4057 mana
340 4010 466 4060 translata
484 4020 545 4062 nnat
563 4013 590 4062 in
609 4011 742 4077 planitiem
759 4026 777 4063 a
816 4008 890 4073 batis]
915 4010 976 4059 Non
994 4008 1117 4072 displicet
1137 4007 1267 4059 Gronovii
1288 4025 1345 4061 oon·

250 4083 376 4134 Minucio.
813 4087 919 4151 jectan
945 4087 1051 4136 exulare
1077 4083 1196 4148 Jubmrir
1225 4087 1343 4137 lacinium

283 4158 368 4210 ”Caro
376 4161 508 4227 ricem]
520 4161 778 4231 Gronorinsreponit
818 4163 897 4227 iilam,
912 4177 928 4212 u
945 4160 1031 4210 matris
1050 4159 1205 4218 Hnasttntin
1223 4169 1342 4228 tanquam
