<?xml version="1.0" encoding="UTF-8"?>
<!DOCTYPE html PUBLIC "-//W3C//DTD XHTML 1.0 Transitional//EN"
    "http://www.w3.org/TR/xhtml1/DTD/xhtml1-transitional.dtd">
<html xmlns="http://www.w3.org/1999/xhtml" xml:lang="en" lang="en">
 <head>
  <title>
</title>
<meta http-equiv="Content-Type" content="text/html;charset=utf-8" />
  <meta name='ocr-system' content='tesseract 3.04.00' />
  <meta name='ocr-capabilities' content='ocr_page ocr_carea ocr_par ocr_line ocrx_word'/>
</head>
<body>
  <div class='ocr_page' id='page_1' title='image "./tliviipatavinih00unkngoog/tliviipatavinih00unkngoog_0549.png"; bbox 0 0 2917 4767; ppageno 0'>
   <div class='ocr_carea' id='block_1_1' title="bbox 459 350 1211 420">
    <p class='ocr_par' dir='ltr' id='par_1_1' title="bbox 459 350 1211 420">
     <span class='ocr_line' id='line_1_1' title="bbox 459 350 1211 420; baseline 0.001 -3"><span class='ocrx_word' id='word_1_1' title='bbox 459 368 532 418; x_wconf 84' lang='lat' dir='ltr'><strong>ms.</strong></span> <span class='ocrx_word' id='word_1_2' title='bbox 556 366 678 420; x_wconf 84' lang='lat' dir='ltr'><strong>xxrtt.</strong></span> <span class='ocrx_word' id='word_1_3' title='bbox 699 367 781 416; x_wconf 79' lang='lat' dir='ltr'><strong>car.</strong></span> <span class='ocrx_word' id='word_1_4' title='bbox 802 350 858 419; x_wconf 76' lang='lat'><strong>22.</strong></span> <span class='ocrx_word' id='word_1_5' title='bbox 1125 351 1211 418; x_wconf 72' lang='lat' dir='ltr'><strong>lim</strong></span> 
     </span>
    </p>
   </div>
   <div class='ocr_carea' id='block_1_2' title="bbox 87 507 1211 596">
    <p class='ocr_par' dir='ltr' id='par_1_2' title="bbox 87 507 1211 596">
     <span class='ocr_line' id='line_1_2' title="bbox 87 507 1211 596; baseline -0.001 -19"><span class='ocrx_word' id='word_1_6' title='bbox 87 517 253 596; x_wconf 80' lang='lat' dir='ltr'><strong>questas</strong></span> <span class='ocrx_word' id='word_1_7' title='bbox 268 519 373 588; x_wconf 87' lang='lat' dir='ltr'><strong>esset,</strong></span> <span class='ocrx_word' id='word_1_8' title='bbox 388 509 548 594; x_wconf 79' lang='lat' dir='ltr'><strong>explendi</strong></span> <span class='ocrx_word' id='word_1_9' title='bbox 574 515 713 578; x_wconf 86' lang='lat' dir='ltr'><strong>senatus</strong></span> <span class='ocrx_word' id='word_1_10' title='bbox 729 527 835 574; x_wconf 76' lang='lat' dir='ltr'><strong>caum</strong></span> <span class='ocrx_word' id='word_1_11' title='bbox 856 515 892 574; x_wconf 91' lang='lat' dir='ltr'><strong>et</strong></span> <span class='ocrx_word' id='word_1_12' title='bbox 908 507 1067 593; x_wconf 74' lang='lat' dir='ltr'><strong>jungendi</strong></span> <span class='ocrx_word' id='word_1_13' title='bbox 1083 513 1211 576; x_wconf 83' lang='lat' dir='ltr'><strong>arctius</strong></span> 
     </span>
    </p>
   </div>
   <div class='ocr_carea' id='block_1_3' title="bbox 87 611 1305 696">
    <p class='ocr_par' dir='ltr' id='par_1_3' title="bbox 87 611 1305 696">
     <span class='ocr_line' id='line_1_3' title="bbox 87 611 1305 696; baseline -0.003 -16"><span class='ocrx_word' id='word_1_14' title='bbox 87 613 225 680; x_wconf 75' lang='lat' dir='ltr'><strong>habui</strong></span> <span class='ocrx_word' id='word_1_15' title='bbox 249 613 392 678; x_wconf 90' lang='lat' dir='ltr'><strong>nominis</strong></span> <span class='ocrx_word' id='word_1_16' title='bbox 417 632 493 680; x_wconf 86' lang='lat' dir='ltr'><strong>cum</strong></span> <span class='ocrx_word' id='word_1_17' title='bbox 520 612 648 696; x_wconf 93' lang='lat' dir='ltr'><strong>populo</strong></span> <span class='ocrx_word' id='word_1_18' title='bbox 672 611 843 688; x_wconf 87' lang='lat' dir='ltr'><strong>Romano,</strong></span> <span class='ocrx_word' id='word_1_19' title='bbox 860 629 1058 694; x_wconf 74' lang='lat' dir='ltr'><strong>magnopere</strong></span> <span class='ocrx_word' id='word_1_20' title='bbox 1078 632 1115 676; x_wconf 88' lang='lat' dir='ltr'><strong>se</strong></span> <span class='ocrx_word' id='word_1_21' title='bbox 1134 631 1210 676; x_wconf 88' lang='lat' dir='ltr'><strong>sua·</strong></span> <span class='ocrx_word' id='word_1_22' title='bbox 1299 615 1305 626; x_wconf 92' lang='grc'><em>“</em></span> 
     </span>
    </p>
   </div>
   <div class='ocr_carea' id='block_1_4' title="bbox 90 711 1214 2518">
    <p class='ocr_par' dir='ltr' id='par_1_4' title="bbox 90 711 1214 2518">
     <span class='ocr_line' id='line_1_4' title="bbox 90 711 1212 796; baseline -0.002 -16"><span class='ocrx_word' id='word_1_23' title='bbox 90 715 211 780; x_wconf 81' lang='lat' dir='ltr'><strong>detes</strong></span> <span class='ocrx_word' id='word_1_24' title='bbox 218 723 243 764; x_wconf 90' lang='lat'><strong>¹⁷</strong></span> <span class='ocrx_word' id='word_1_25' title='bbox 273 715 372 793; x_wconf 84' lang='lat' dir='ltr'><strong>dixit,</strong></span> <span class='ocrx_word' id='word_1_26' title='bbox 403 725 440 780; x_wconf 93' lang='lat' dir='ltr'><strong>ut</strong></span> <span class='ocrx_word' id='word_1_27' title='bbox 471 735 513 778; x_wconf 85' lang='lat' dir='ltr'><strong>ex</strong></span> <span class='ocrx_word' id='word_1_28' title='bbox 551 713 692 796; x_wconf 80' lang='lat' dir='ltr'><strong>singuiis</strong></span> <span class='ocrx_word' id='word_1_29' title='bbox 718 713 853 796; x_wconf 82' lang='lat' dir='ltr'><strong>populis</strong></span> <span class='ocrx_word' id='word_1_30' title='bbox 881 711 1087 790; x_wconf 86' lang='lat' dir='ltr'><strong>Latinorum,</strong></span> <span class='ocrx_word' id='word_1_31' title='bbox 1122 714 1212 779; x_wconf 77' lang='lat' dir='ltr'><strong>binis</strong></span> 
     </span>
     <span class='ocr_line' id='line_1_5' title="bbox 92 814 1211 895; baseline -0.001 -13"><span class='ocrx_word' id='word_1_32' title='bbox 92 818 338 895; x_wconf 78' lang='lat' dir='ltr'><strong>senatoribus,</strong></span> <span class='ocrx_word' id='word_1_33' title='bbox 361 817 391 880; x_wconf 88' lang='lat' dir='ltr'><strong>si</strong></span> <span class='ocrx_word' id='word_1_34' title='bbox 413 816 535 881; x_wconf 83' lang='lat' dir='ltr'><strong>Patres</strong></span> <span class='ocrx_word' id='word_1_35' title='bbox 559 815 706 880; x_wconf 87' lang='lat' dir='ltr'><strong>Romani</strong></span> <span class='ocrx_word' id='word_1_36' title='bbox 732 815 952 891; x_wconf 77' lang='lat' dir='ltr'><strong>censuissent,</strong></span> <span class='ocrx_word' id='word_1_37' title='bbox 970 814 1093 878; x_wconf 83' lang='lat' dir='ltr'><strong>civitas</strong></span> <span class='ocrx_word' id='word_1_38' title='bbox 1115 815 1211 881; x_wconf 89' lang='lat' dir='ltr'><strong>dare·</strong></span> 
     </span>
     <span class='ocr_line' id='line_1_6' title="bbox 94 917 1209 1003; baseline -0.001 -20"><span class='ocrx_word' id='word_1_39' title='bbox 94 929 178 996; x_wconf 81' lang='lat' dir='ltr'><strong>tur,</strong></span> <span class='ocrx_word' id='word_1_40' title='bbox 194 926 295 1003; x_wconf 87' lang='lat' dir='ltr'><strong>atque</strong></span> <span class='ocrx_word' id='word_1_41' title='bbox 310 917 347 982; x_wconf 87' lang='lat' dir='ltr'><strong>in</strong></span> <span class='ocrx_word' id='word_1_42' title='bbox 361 919 606 984; x_wconf 89' lang='lat' dir='ltr'><strong>demortuorum</strong></span> <span class='ocrx_word' id='word_1_43' title='bbox 633 917 747 982; x_wconf 88' lang='lat' dir='ltr'><strong>locum</strong></span> <span class='ocrx_word' id='word_1_44' title='bbox 772 917 809 980; x_wconf 87' lang='lat' dir='ltr'><strong>in</strong></span> <span class='ocrx_word' id='word_1_45' title='bbox 833 925 988 981; x_wconf 90' lang='lat' dir='ltr'><strong>senatum</strong></span> <span class='ocrx_word' id='word_1_46' title='bbox 1015 919 1209 1000; x_wconf 78' lang='lat' dir='ltr'><strong>legerentur.</strong></span> 
     </span>
     <span class='ocr_line' id='line_1_7' title="bbox 97 1017 1210 1103; baseline 0 -19"><span class='ocrx_word' id='word_1_47' title='bbox 97 1019 198 1084; x_wconf 84' lang='lat' dir='ltr'><strong>Eam</strong></span> <span class='ocrx_word' id='word_1_48' title='bbox 222 1020 424 1086; x_wconf 88' lang='lat' dir='ltr'><strong>senteutiam</strong></span> <span class='ocrx_word' id='word_1_49' title='bbox 446 1018 537 1084; x_wconf 89' lang='lat' dir='ltr'><strong>baud</strong></span> <span class='ocrx_word' id='word_1_50' title='bbox 563 1017 767 1102; x_wconf 73' lang='lat' dir='ltr'><strong>aequioribus</strong></span> <span class='ocrx_word' id='word_1_51' title='bbox 786 1017 918 1095; x_wconf 90' lang='lat' dir='ltr'><strong>animis,</strong></span> <span class='ocrx_word' id='word_1_52' title='bbox 934 1037 1035 1102; x_wconf 84' lang='lat' dir='ltr'><strong>qnam</strong></span> <span class='ocrx_word' id='word_1_53' title='bbox 1062 1019 1210 1103; x_wconf 88' lang='lat' dir='ltr'><strong>ipsorum</strong></span> 
     </span>
     <span class='ocr_line' id='line_1_8' title="bbox 99 1118 1211 1206; baseline -0.002 -20"><span class='ocrx_word' id='word_1_54' title='bbox 99 1123 286 1205; x_wconf 86' lang='lat' dir='ltr'><strong>quondam</strong></span> <span class='ocrx_word' id='word_1_55' title='bbox 319 1122 528 1206; x_wconf 82' lang='lat' dir='ltr'><strong>postulatum</strong></span> <span class='ocrx_word' id='word_1_56' title='bbox 558 1120 766 1198; x_wconf 86' lang='lat' dir='ltr'><strong>Latinorum,</strong></span> <span class='ocrx_word' id='word_1_57' title='bbox 794 1118 916 1184; x_wconf 87' lang='lat' dir='ltr'><strong>Patres</strong></span> <span class='ocrx_word' id='word_1_58' title='bbox 944 1119 1136 1186; x_wconf 86' lang='lat' dir='ltr'><strong>andierunt:</strong></span> <span class='ocrx_word' id='word_1_59' title='bbox 1167 1127 1211 1198; x_wconf 89' lang='lat' dir='ltr'><strong>et,</strong></span> 
     </span>
     <span class='ocr_line' id='line_1_9' title="bbox 100 1219 1211 1307; baseline -0.004 -17"><span class='ocrx_word' id='word_1_60' title='bbox 100 1244 187 1290; x_wconf 84' lang='lat' dir='ltr'><strong>curu</strong></span> <span class='ocrx_word' id='word_1_61' title='bbox 202 1224 353 1290; x_wconf 79' lang='lat' dir='ltr'><strong>fremitus</strong></span> <span class='ocrx_word' id='word_1_62' title='bbox 368 1221 610 1306; x_wconf 78' lang='lat' dir='ltr'><strong>indignantium</strong></span> <span class='ocrx_word' id='word_1_63' title='bbox 625 1229 700 1288; x_wconf 89' lang='lat' dir='ltr'><strong>tota</strong></span> <span class='ocrx_word' id='word_1_64' title='bbox 722 1219 852 1288; x_wconf 82' lang='lat' dir='ltr'><strong>curia¹⁸</strong></span> <span class='ocrx_word' id='word_1_65' title='bbox 866 1227 967 1298; x_wconf 84' lang='lat' dir='ltr'><strong>esset,</strong></span> <span class='ocrx_word' id='word_1_66' title='bbox 989 1229 1021 1288; x_wconf 90' lang='lat' dir='ltr'><strong>et</strong></span> <span class='ocrx_word' id='word_1_67' title='bbox 1039 1221 1211 1307; x_wconf 81' lang='lat' dir='ltr'><strong>praecipne</strong></span> 
     </span>
     <span class='ocr_line' id='line_1_10' title="bbox 102 1322 1211 1408; baseline -0.004 -16"><span class='ocrx_word' id='word_1_68' title='bbox 102 1325 277 1401; x_wconf 80' lang='lat' dir='ltr'><strong>Manlius,</strong></span> <span class='ocrx_word' id='word_1_69' title='bbox 292 1329 303 1359; x_wconf 84' lang='lat'>‘</span> <span class='ocrx_word' id='word_1_70' title='bbox 318 1343 394 1390; x_wconf 87' lang='lat' dir='ltr'><strong>esse</strong></span> <span class='ocrx_word' id='word_1_71' title='bbox 409 1325 510 1390; x_wconf 89' lang='lat' dir='ltr'><strong>etiam</strong></span> <span class='ocrx_word' id='word_1_72' title='bbox 525 1343 615 1390; x_wconf 89' lang='lat' dir='ltr'><strong>nunc</strong></span> <span class='ocrx_word' id='word_1_73' title='bbox 631 1325 747 1407; x_wconf 75' lang='lat' dir='ltr'><strong>stirpis</strong></span> <span class='ocrx_word' id='word_1_74' title='bbox 763 1323 837 1408; x_wconf 88' lang='lat' dir='ltr'><strong>ejus</strong></span> <span class='ocrx_word' id='word_1_75' title='bbox 850 1322 980 1400; x_wconf 83' lang='lat' dir='ltr'><strong>virum,&#39;</strong></span> <span class='ocrx_word' id='word_1_76' title='bbox 991 1326 1128 1401; x_wconf 88' lang='lat' dir='ltr'><strong>diceret,</strong></span> <span class='ocrx_word' id='word_1_77' title='bbox 1145 1327 1211 1389; x_wconf 78' lang='lat' dir='ltr'><strong>‘ex</strong></span> 
     </span>
     <span class='ocr_line' id='line_1_11' title="bbox 103 1425 1212 1511; baseline 0 -21"><span class='ocrx_word' id='word_1_78' title='bbox 103 1445 183 1509; x_wconf 88' lang='lat' dir='ltr'><strong>qua</strong></span> <span class='ocrx_word' id='word_1_79' title='bbox 197 1425 363 1510; x_wconf 90' lang='lat' dir='ltr'><strong>quondam</strong></span> <span class='ocrx_word' id='word_1_80' title='bbox 377 1426 412 1490; x_wconf 90' lang='lat' dir='ltr'><strong>in</strong></span> <span class='ocrx_word' id='word_1_81' title='bbox 427 1426 601 1509; x_wconf 83' lang='lat' dir='ltr'><strong>Capitolio</strong></span> <span class='ocrx_word' id='word_1_82' title='bbox 617 1426 739 1492; x_wconf 88' lang='lat' dir='ltr'><strong>consui</strong></span> <span class='ocrx_word' id='word_1_83' title='bbox 753 1426 898 1491; x_wconf 87' lang='lat' dir='ltr'><strong>minatus</strong></span> <span class='ocrx_word' id='word_1_84' title='bbox 911 1434 1016 1502; x_wconf 89' lang='lat' dir='ltr'><strong>osset,</strong></span> <span class='ocrx_word' id='word_1_85' title='bbox 1030 1445 1129 1511; x_wconf 89' lang='lat' dir='ltr'><strong>qnam</strong></span> <span class='ocrx_word' id='word_1_86' title='bbox 1146 1427 1212 1490; x_wconf 84' lang='lat' dir='ltr'><strong>La·</strong></span> 
     </span>
     <span class='ocr_line' id='line_1_12' title="bbox 105 1521 1213 1602; baseline -0.002 -14"><span class='ocrx_word' id='word_1_87' title='bbox 105 1525 218 1588; x_wconf 87' lang='lat' dir='ltr'><strong>tinum</strong></span> <span class='ocrx_word' id='word_1_88' title='bbox 244 1523 279 1586; x_wconf 92' lang='lat' dir='ltr'><strong>in</strong></span> <span class='ocrx_word' id='word_1_89' title='bbox 303 1523 398 1588; x_wconf 86' lang='lat' dir='ltr'><strong>curia</strong></span> <span class='ocrx_word' id='word_1_90' title='bbox 423 1523 577 1602; x_wconf 79' lang='lat' dir='ltr'><strong>vidisset,</strong></span> <span class='ocrx_word' id='word_1_91' title='bbox 591 1542 665 1590; x_wconf 89' lang='lat' dir='ltr'><strong>eum</strong></span> <span class='ocrx_word' id='word_1_92' title='bbox 685 1543 748 1588; x_wconf 87' lang='lat' dir='ltr'><strong>sua</strong></span> <span class='ocrx_word' id='word_1_93' title='bbox 767 1542 866 1588; x_wconf 91' lang='lat' dir='ltr'><strong>mann</strong></span> <span class='ocrx_word' id='word_1_94' title='bbox 882 1542 920 1589; x_wconf 88' lang='lat' dir='ltr'><strong>se</strong></span> <span class='ocrx_word' id='word_1_95' title='bbox 933 1525 1180 1590; x_wconf 83' lang='lat' dir='ltr'><strong>interfecturum</strong></span> <span class='ocrx_word' id='word_1_96' title='bbox 1191 1521 1213 1600; x_wconf 88' lang='lat'><strong>;&#39;</strong></span> 
     </span>
     <span class='ocr_line' id='line_1_13' title="bbox 108 1621 1211 1708; baseline 0 -20"><span class='ocrx_word' id='word_1_97' title='bbox 108 1623 160 1702; x_wconf 85' lang='lat' dir='ltr'><strong>Q.</strong></span> <span class='ocrx_word' id='word_1_98' title='bbox 184 1623 310 1688; x_wconf 78' lang='lat' dir='ltr'><strong>Fabius</strong></span> <span class='ocrx_word' id='word_1_99' title='bbox 338 1621 523 1695; x_wconf 82' lang='lat' dir='ltr'><strong>Maximus.</strong></span> <span class='ocrx_word' id='word_1_100' title='bbox 549 1629 559 1658; x_wconf 79' lang='lat'>⁸</span> <span class='ocrx_word' id='word_1_101' title='bbox 573 1623 758 1708; x_wconf 87' lang='lat' dir='ltr'><strong>Nunquam</strong></span> <span class='ocrx_word' id='word_1_102' title='bbox 772 1624 819 1690; x_wconf 89' lang='lat' dir='ltr'><strong>rei</strong></span> <span class='ocrx_word' id='word_1_103' title='bbox 835 1624 936 1690; x_wconf 87' lang='lat' dir='ltr'><strong>ullius</strong></span> <span class='ocrx_word' id='word_1_104' title='bbox 949 1625 1112 1691; x_wconf 79' lang='lat' dir='ltr'><strong>alieniore</strong></span> <span class='ocrx_word' id='word_1_105' title='bbox 1129 1631 1211 1688; x_wconf 88' lang='lat' dir='ltr'><strong>tem·</strong></span> 
     </span>
     <span class='ocr_line' id='line_1_14' title="bbox 106 1725 1212 1809; baseline -0.001 -19"><span class='ocrx_word' id='word_1_106' title='bbox 106 1745 196 1809; x_wconf 88' lang='lat' dir='ltr'><strong>pore</strong></span> <span class='ocrx_word' id='word_1_107' title='bbox 209 1725 410 1790; x_wconf 82' lang='lat' dir='ltr'><strong>mentionem</strong></span> <span class='ocrx_word' id='word_1_108' title='bbox 426 1725 548 1790; x_wconf 85' lang='lat' dir='ltr'><strong>iactam</strong></span> <span class='ocrx_word' id='word_1_109' title='bbox 563 1727 599 1790; x_wconf 92' lang='lat' dir='ltr'><strong>in</strong></span> <span class='ocrx_word' id='word_1_110' title='bbox 613 1725 749 1803; x_wconf 89' lang='lat' dir='ltr'><strong>senatn,&#39;</strong></span> <span class='ocrx_word' id='word_1_111' title='bbox 773 1725 872 1802; x_wconf 81' lang='lat' dir='ltr'><strong>dixit,</strong></span> <span class='ocrx_word' id='word_1_112' title='bbox 896 1730 906 1760; x_wconf 85' lang='lat'>‘</span> <span class='ocrx_word' id='word_1_113' title='bbox 927 1745 1028 1809; x_wconf 87' lang='lat' dir='ltr'><strong>quam</strong></span> <span class='ocrx_word' id='word_1_114' title='bbox 1043 1726 1130 1790; x_wconf 88' lang='lat' dir='ltr'><strong>inter</strong></span> <span class='ocrx_word' id='word_1_115' title='bbox 1143 1733 1212 1788; x_wconf 87' lang='lat' dir='ltr'><strong>tum</strong></span> 
     </span>
     <span class='ocr_line' id='line_1_15' title="bbox 109 1827 1214 1911; baseline -0.001 -19"><span class='ocrx_word' id='word_1_116' title='bbox 109 1845 300 1910; x_wconf 86' lang='lat' dir='ltr'><strong>suspensos</strong></span> <span class='ocrx_word' id='word_1_117' title='bbox 311 1827 477 1892; x_wconf 84' lang='lat' dir='ltr'><strong>sociorum</strong></span> <span class='ocrx_word' id='word_1_118' title='bbox 490 1828 619 1893; x_wconf 85' lang='lat' dir='ltr'><strong>animos</strong></span> <span class='ocrx_word' id='word_1_119' title='bbox 634 1828 860 1911; x_wconf 81' lang='lat' dir='ltr'><strong>incertamque</strong></span> <span class='ocrx_word' id='word_1_120' title='bbox 871 1827 968 1893; x_wconf 86' lang='lat' dir='ltr'><strong>fidem</strong></span> <span class='ocrx_word' id='word_1_121' title='bbox 980 1828 1016 1892; x_wconf 92' lang='lat' dir='ltr'><strong>id</strong></span> <span class='ocrx_word' id='word_1_122' title='bbox 1027 1827 1214 1905; x_wconf 73' lang='lat' dir='ltr'><strong>tactum,¹⁹&#39;</strong></span> 
     </span>
     <span class='ocr_line' id='line_1_16' title="bbox 111 1927 1213 2012; baseline -0.002 -18"><span class='ocrx_word' id='word_1_123' title='bbox 111 1927 206 2012; x_wconf 88' lang='lat' dir='ltr'><strong>quod</strong></span> <span class='ocrx_word' id='word_1_124' title='bbox 222 1928 359 2012; x_wconf 88' lang='lat' dir='ltr'><strong>insuper</strong></span> <span class='ocrx_word' id='word_1_125' title='bbox 371 1928 555 1996; x_wconf 88' lang='lat' dir='ltr'><strong>solicitaret</strong></span> <span class='ocrx_word' id='word_1_126' title='bbox 570 1947 641 1994; x_wconf 86' lang='lat' dir='ltr'><strong>eos.</strong></span> <span class='ocrx_word' id='word_1_127' title='bbox 685 1927 771 1994; x_wconf 88' lang='lat' dir='ltr'><strong>Eam</strong></span> <span class='ocrx_word' id='word_1_128' title='bbox 793 1931 894 1993; x_wconf 91' lang='lat' dir='ltr'><strong>unius</strong></span> <span class='ocrx_word' id='word_1_129' title='bbox 912 1929 1056 1994; x_wconf 90' lang='lat' dir='ltr'><strong>bominis</strong></span> <span class='ocrx_word' id='word_1_130' title='bbox 1074 1936 1213 1996; x_wconf 85' lang='lat' dir='ltr'><strong>temeru·</strong></span> 
     </span>
     <span class='ocr_line' id='line_1_17' title="bbox 111 2029 1213 2113; baseline 0 -19"><span class='ocrx_word' id='word_1_131' title='bbox 111 2032 199 2094; x_wconf 87' lang='lat' dir='ltr'><strong>riam</strong></span> <span class='ocrx_word' id='word_1_132' title='bbox 225 2049 345 2094; x_wconf 82' lang='lat' dir='ltr'><strong>vocem</strong></span> <span class='ocrx_word' id='word_1_133' title='bbox 373 2029 507 2094; x_wconf 87' lang='lat' dir='ltr'><strong>silentio</strong></span> <span class='ocrx_word' id='word_1_134' title='bbox 534 2031 682 2095; x_wconf 90' lang='lat' dir='ltr'><strong>omnium</strong></span> <span class='ocrx_word' id='word_1_135' title='bbox 707 2030 969 2113; x_wconf 81' lang='lat' dir='ltr'><strong>extinguendam</strong></span> <span class='ocrx_word' id='word_1_136' title='bbox 999 2049 1093 2095; x_wconf 86' lang='lat' dir='ltr'><strong>esse:</strong></span> <span class='ocrx_word' id='word_1_137' title='bbox 1116 2037 1159 2107; x_wconf 93' lang='lat' dir='ltr'><strong>et,</strong></span> <span class='ocrx_word' id='word_1_138' title='bbox 1182 2033 1213 2094; x_wconf 86' lang='lat' dir='ltr'><strong>si</strong></span> 
     </span>
     <span class='ocr_line' id='line_1_18' title="bbox 114 2130 1213 2214; baseline 0.001 -19"><span class='ocrx_word' id='word_1_139' title='bbox 114 2130 197 2214; x_wconf 80' lang='lat' dir='ltr'><strong>qnid</strong></span> <span class='ocrx_word' id='word_1_140' title='bbox 213 2149 359 2212; x_wconf 89' lang='lat' dir='ltr'><strong>unquam</strong></span> <span class='ocrx_word' id='word_1_141' title='bbox 379 2131 490 2196; x_wconf 90' lang='lat' dir='ltr'><strong>arcani</strong></span> <span class='ocrx_word' id='word_1_142' title='bbox 515 2132 665 2196; x_wconf 84' lang='lat' dir='ltr'><strong>sanctire</strong></span> <span class='ocrx_word' id='word_1_143' title='bbox 685 2131 728 2195; x_wconf 89' lang='lat' dir='ltr'><strong>ad</strong></span> <span class='ocrx_word' id='word_1_144' title='bbox 753 2131 920 2196; x_wconf 87' lang='lat' dir='ltr'><strong>silendum</strong></span> <span class='ocrx_word' id='word_1_145' title='bbox 940 2133 1082 2198; x_wconf 92' lang='lat' dir='ltr'><strong>incuria</strong></span> <span class='ocrx_word' id='word_1_146' title='bbox 1103 2132 1213 2207; x_wconf 80' lang='lat' dir='ltr'><strong>tuerit,</strong></span> 
     </span>
     <span class='ocr_line' id='line_1_19' title="bbox 112 2231 1212 2313; baseline 0 -18"><span class='ocrx_word' id='word_1_147' title='bbox 112 2233 149 2296; x_wconf 90' lang='lat' dir='ltr'><strong>id</strong></span> <span class='ocrx_word' id='word_1_148' title='bbox 165 2231 312 2294; x_wconf 90' lang='lat' dir='ltr'><strong>omnium</strong></span> <span class='ocrx_word' id='word_1_149' title='bbox 327 2231 473 2295; x_wconf 82' lang='lat' dir='ltr'><strong>maxime</strong></span> <span class='ocrx_word' id='word_1_150' title='bbox 489 2231 674 2313; x_wconf 80' lang='lat' dir='ltr'><strong>tegendum,</strong></span> <span class='ocrx_word' id='word_1_151' title='bbox 689 2232 920 2309; x_wconf 86' lang='lat' dir='ltr'><strong>occulendum,</strong></span> <span class='ocrx_word' id='word_1_152' title='bbox 933 2232 1212 2309; x_wconf 83' lang='lat' dir='ltr'><strong>obliviscendum,</strong></span> 
     </span>
     <span class='ocr_line' id='line_1_20' title="bbox 114 2331 1213 2418; baseline 0.002 -22"><span class='ocrx_word' id='word_1_153' title='bbox 114 2351 178 2416; x_wconf 88' lang='lat' dir='ltr'><strong>pro</strong></span> <span class='ocrx_word' id='word_1_154' title='bbox 192 2350 257 2396; x_wconf 91' lang='lat' dir='ltr'><strong>nou</strong></span> <span class='ocrx_word' id='word_1_155' title='bbox 273 2331 365 2396; x_wconf 89' lang='lat' dir='ltr'><strong>dieto</strong></span> <span class='ocrx_word' id='word_1_156' title='bbox 380 2331 569 2398; x_wconf 91' lang='lat' dir='ltr'><strong>babendum</strong></span> <span class='ocrx_word' id='word_1_157' title='bbox 586 2333 683 2398; x_wconf 69' lang='lat' dir='ltr'><strong>esse!</strong></span> <span class='ocrx_word' id='word_1_158' title='bbox 727 2333 784 2399; x_wconf 87' lang='lat' dir='ltr'><strong>Ita</strong></span> <span class='ocrx_word' id='word_1_159' title='bbox 796 2333 871 2417; x_wconf 88' lang='lat' dir='ltr'><strong>ejus</strong></span> <span class='ocrx_word' id='word_1_160' title='bbox 885 2336 933 2398; x_wconf 89' lang='lat' dir='ltr'><strong>rei</strong></span> <span class='ocrx_word' id='word_1_161' title='bbox 947 2353 1110 2418; x_wconf 87' lang='lat' dir='ltr'><strong>oppressa</strong></span> <span class='ocrx_word' id='word_1_162' title='bbox 1124 2353 1213 2398; x_wconf 91' lang='lat' dir='ltr'><strong>meu·</strong></span> 
     </span>
     <span class='ocr_line' id='line_1_21' title="bbox 115 2432 1214 2518; baseline 0.002 -20"><span class='ocrx_word' id='word_1_163' title='bbox 115 2435 166 2498; x_wconf 90' lang='lat' dir='ltr'><strong>tio</strong></span> <span class='ocrx_word' id='word_1_164' title='bbox 181 2440 246 2498; x_wconf 84' lang='lat' dir='ltr'><strong>est.</strong></span> <span class='ocrx_word' id='word_1_165' title='bbox 273 2432 490 2510; x_wconf 85' lang='lat' dir='ltr'><strong>Dictatorem,</strong></span> <span class='ocrx_word' id='word_1_166' title='bbox 505 2435 564 2518; x_wconf 92' lang='lat' dir='ltr'><strong>qui</strong></span> <span class='ocrx_word' id='word_1_167' title='bbox 580 2452 698 2499; x_wconf 89' lang='lat' dir='ltr'><strong>censor</strong></span> <span class='ocrx_word' id='word_1_168' title='bbox 711 2441 789 2500; x_wconf 87' lang='lat' dir='ltr'><strong>ante</strong></span> <span class='ocrx_word' id='word_1_169' title='bbox 803 2435 935 2514; x_wconf 78' lang='lat' dir='ltr'><strong>fuisset,</strong></span> <span class='ocrx_word' id='word_1_170' title='bbox 950 2437 1214 2502; x_wconf 85' lang='lat' dir='ltr'><strong>vetustissimus-</strong></span> 
     </span>
    </p>
   </div>
   <div class='ocr_carea' id='block_1_5' title="bbox 113 2533 1214 2922">
    <p class='ocr_par' dir='ltr' id='par_1_5' title="bbox 113 2533 1214 2922">
     <span class='ocr_line' id='line_1_22' title="bbox 114 2533 1214 2621; baseline 0.004 -24"><span class='ocrx_word' id='word_1_171' title='bbox 114 2554 183 2618; x_wconf 89' lang='lat' dir='ltr'><strong>que</strong></span> <span class='ocrx_word' id='word_1_172' title='bbox 199 2553 244 2598; x_wconf 85' lang='lat' dir='ltr'><strong>ex</strong></span> <span class='ocrx_word' id='word_1_173' title='bbox 256 2534 319 2609; x_wconf 87' lang='lat' dir='ltr'><strong>eis,</strong></span> <span class='ocrx_word' id='word_1_174' title='bbox 335 2534 393 2617; x_wconf 92' lang='lat' dir='ltr'><strong>qni</strong></span> <span class='ocrx_word' id='word_1_175' title='bbox 409 2533 570 2612; x_wconf 83' lang='lat' dir='ltr'><strong>viverent,</strong></span> <span class='ocrx_word' id='word_1_176' title='bbox 586 2534 751 2598; x_wconf 87' lang='lat' dir='ltr'><strong>censoriis</strong></span> <span class='ocrx_word' id='word_1_177' title='bbox 763 2545 864 2615; x_wconf 85' lang='lat' dir='ltr'><strong>esset,</strong></span> <span class='ocrx_word' id='word_1_178' title='bbox 879 2537 985 2600; x_wconf 88' lang='lat' dir='ltr'><strong>creari</strong></span> <span class='ocrx_word' id='word_1_179' title='bbox 1000 2537 1141 2621; x_wconf 81' lang='lat' dir='ltr'><strong>placuit,</strong></span> <span class='ocrx_word' id='word_1_180' title='bbox 1154 2538 1214 2620; x_wconf 82' lang='lat' dir='ltr'><strong>qui</strong></span> 
     </span>
     <span class='ocr_line' id='line_1_23' title="bbox 113 2633 1213 2718; baseline 0.003 -19"><span class='ocrx_word' id='word_1_181' title='bbox 113 2641 266 2700; x_wconf 89' lang='lat' dir='ltr'><strong>senatum</strong></span> <span class='ocrx_word' id='word_1_182' title='bbox 280 2635 405 2715; x_wconf 76' lang='lat' dir='ltr'><strong>legaret</strong></span> <span class='ocrx_word' id='word_1_183' title='bbox 415 2655 424 2699; x_wconf 73' lang='grc' dir='ltr'><strong><em>ε</em></strong></span> <span class='ocrx_word' id='word_1_184' title='bbox 433 2643 447 2671; x_wconf 81' lang='lat'>⁰</span> <span class='ocrx_word' id='word_1_185' title='bbox 461 2635 631 2718; x_wconf 86' lang='lat' dir='ltr'><strong>accirique</strong></span> <span class='ocrx_word' id='word_1_186' title='bbox 640 2633 679 2699; x_wconf 88' lang='lat' dir='ltr'><strong>C.</strong></span> <span class='ocrx_word' id='word_1_187' title='bbox 688 2635 882 2700; x_wconf 81' lang='lat' dir='ltr'><strong>Terentium</strong></span> <span class='ocrx_word' id='word_1_188' title='bbox 896 2637 1069 2700; x_wconf 83' lang='lat' dir='ltr'><strong>consulem</strong></span> <span class='ocrx_word' id='word_1_189' title='bbox 1086 2638 1129 2701; x_wconf 89' lang='lat' dir='ltr'><strong>ad</strong></span> <span class='ocrx_word' id='word_1_190' title='bbox 1142 2637 1213 2702; x_wconf 89' lang='lat' dir='ltr'><strong>dic·</strong></span> 
     </span>
     <span class='ocr_line' id='line_1_24' title="bbox 114 2735 1214 2819; baseline 0 -19"><span class='ocrx_word' id='word_1_191' title='bbox 114 2744 256 2801; x_wconf 80' lang='lat' dir='ltr'><strong>tutorem</strong></span> <span class='ocrx_word' id='word_1_192' title='bbox 273 2735 449 2800; x_wconf 87' lang='lat' dir='ltr'><strong>dicendum</strong></span> <span class='ocrx_word' id='word_1_193' title='bbox 468 2735 653 2818; x_wconf 88' lang='lat' dir='ltr'><strong>jusserunt.</strong></span> <span class='ocrx_word' id='word_1_194' title='bbox 699 2735 768 2814; x_wconf 84' lang='lat' dir='ltr'><strong>Qui</strong></span> <span class='ocrx_word' id='word_1_195' title='bbox 790 2756 866 2802; x_wconf 90' lang='lat' dir='ltr'><strong>cum</strong></span> <span class='ocrx_word' id='word_1_196' title='bbox 881 2756 925 2801; x_wconf 86' lang='lat' dir='ltr'><strong>ex</strong></span> <span class='ocrx_word' id='word_1_197' title='bbox 946 2736 1083 2819; x_wconf 86' lang='lat' dir='ltr'><strong>Apulia,</strong></span> <span class='ocrx_word' id='word_1_198' title='bbox 1098 2737 1214 2801; x_wconf 87' lang='lat' dir='ltr'><strong>relicto</strong></span> 
     </span>
     <span class='ocr_line' id='line_1_25' title="bbox 113 2834 1214 2922; baseline 0.001 -22"><span class='ocrx_word' id='word_1_199' title='bbox 113 2837 163 2902; x_wconf 89' lang='lat' dir='ltr'><strong>ibi</strong></span> <span class='ocrx_word' id='word_1_200' title='bbox 191 2834 362 2922; x_wconf 70' lang='lat' dir='ltr'><strong>presidio,</strong></span> <span class='ocrx_word' id='word_1_201' title='bbox 388 2837 516 2919; x_wconf 83' lang='lat' dir='ltr'><strong>maguis</strong></span> <span class='ocrx_word' id='word_1_202' title='bbox 539 2834 716 2901; x_wconf 84' lang='lat' dir='ltr'><strong>itineribus</strong></span> <span class='ocrx_word' id='word_1_203' title='bbox 749 2836 895 2902; x_wconf 84' lang='lat' dir='ltr'><strong>Romam</strong></span> <span class='ocrx_word' id='word_1_204' title='bbox 927 2837 1082 2915; x_wconf 82' lang='lat' dir='ltr'><strong>redisset,</strong></span> <span class='ocrx_word' id='word_1_205' title='bbox 1113 2845 1214 2901; x_wconf 89' lang='lat' dir='ltr'><strong>uecta</strong></span> 
     </span>
    </p>
   </div>
   <div class='ocr_carea' id='block_1_6' title="bbox 142 2967 597 3031">
    <p class='ocr_par' dir='ltr' id='par_1_6' title="bbox 142 2967 597 3031">
     <span class='ocr_line' id='line_1_26' title="bbox 142 2967 597 3031; baseline 0.002 -12"><span class='ocrx_word' id='word_1_206' title='bbox 142 2967 160 3012; x_wconf 81' lang='lat' dir='ltr'><strong><em>s</em></strong></span> <span class='ocrx_word' id='word_1_207' title='bbox 173 2969 267 3020; x_wconf 68' lang='lat' dir='ltr'><strong>turn</strong></span> <span class='ocrx_word' id='word_1_208' title='bbox 275 2981 332 3025; x_wconf 73' lang='lat' dir='ltr'><strong>m,</strong></span> <span class='ocrx_word' id='word_1_209' title='bbox 342 2969 406 3018; x_wconf 65' lang='lat' dir='ltr'><strong>aaut</strong></span> <span class='ocrx_word' id='word_1_210' title='bbox 416 2969 523 3031; x_wconf 60' lang='lat' dir='ltr'><strong>trema</strong></span> <span class='ocrx_word' id='word_1_211' title='bbox 533 2969 597 3020; x_wconf 71' lang='lat' dir='ltr'><strong>tert.</strong></span> 
     </span>
    </p>
   </div>
   <div class='ocr_carea' id='block_1_7' title="bbox 113 3144 1218 3595">
    <p class='ocr_par' dir='ltr' id='par_1_7' title="bbox 113 3144 1218 3595">
     <span class='ocr_line' id='line_1_27' title="bbox 114 3144 1214 3209; baseline 0.001 -15"><span class='ocrx_word' id='word_1_212' title='bbox 114 3145 182 3196; x_wconf 69' lang='lat' dir='ltr'><strong>terr!</strong></span> <span class='ocrx_word' id='word_1_213' title='bbox 200 3144 377 3208; x_wconf 67' lang='lat' dir='ltr'><strong>Rupere-1⁷</strong></span> <span class='ocrx_word' id='word_1_214' title='bbox 393 3144 533 3207; x_wconf 58' lang='lat' dir='ltr'><strong>‘augent</strong></span> <span class='ocrx_word' id='word_1_215' title='bbox 549 3145 640 3194; x_wconf 68' lang='lat' dir='ltr'><strong>meter</strong></span> <span class='ocrx_word' id='word_1_216' title='bbox 658 3145 743 3195; x_wconf 79' lang='lat' dir='ltr'><strong>Lrtirrr&#39;</strong></span> <span class='ocrx_word' id='word_1_217' title='bbox 760 3145 861 3194; x_wconf 66' lang='lat' dir='ltr'><strong>maisit</strong></span> <span class='ocrx_word' id='word_1_218' title='bbox 875 3161 928 3196; x_wconf 68' lang='lat' dir='ltr'><strong>etta</strong></span> <span class='ocrx_word' id='word_1_219' title='bbox 1039 3147 1214 3209; x_wconf 63' lang='lat' dir='ltr'><strong>Ratumagus·</strong></span> 
     </span>
     <span class='ocr_line' id='line_1_28' title="bbox 114 3208 1215 3276; baseline 0.002 -18"><span class='ocrx_word' id='word_1_220' title='bbox 114 3223 171 3272; x_wconf 72' lang='lat' dir='ltr'><strong>pera</strong></span> <span class='ocrx_word' id='word_1_221' title='bbox 188 3223 213 3258; x_wconf 83' lang='lat' dir='ltr'><strong>te</strong></span> <span class='ocrx_word' id='word_1_222' title='bbox 231 3211 329 3260; x_wconf 77' lang='lat' dir='ltr'><strong>mum</strong></span> <span class='ocrx_word' id='word_1_223' title='bbox 348 3211 476 3273; x_wconf 67' lang='lat' dir='ltr'><strong>practura</strong></span> <span class='ocrx_word' id='word_1_224' title='bbox 493 3208 562 3272; x_wconf 83' lang='lat' dir='ltr'><strong>conj.</strong></span> <span class='ocrx_word' id='word_1_225' title='bbox 580 3209 944 3273; x_wconf 81' lang='lat' dir='ltr'><strong>Crer.quarnprobsrit1)ra</strong></span> <span class='ocrx_word' id='word_1_226' title='bbox 965 3219 1011 3260; x_wconf 82' lang='lat' dir='ltr'><strong>.et</strong></span> <span class='ocrx_word' id='word_1_227' title='bbox 1023 3214 1124 3276; x_wconf 83' lang='lat' dir='ltr'><strong>recepit</strong></span> <span class='ocrx_word' id='word_1_228' title='bbox 1135 3214 1215 3260; x_wconf 81' lang='lat' dir='ltr'><strong>etium</strong></span> 
     </span>
     <span class='ocr_line' id='line_1_29' title="bbox 115 3272 1217 3340; baseline 0.002 -18"><span class='ocrx_word' id='word_1_229' title='bbox 115 3275 170 3324; x_wconf 81' lang='lat' dir='ltr'><strong>Str.</strong></span> <span class='ocrx_word' id='word_1_230' title='bbox 183 3287 229 3335; x_wconf 92' lang='lat' dir='ltr'><strong>pro</strong></span> <span class='ocrx_word' id='word_1_231' title='bbox 242 3276 282 3322; x_wconf 86' lang='lat' dir='ltr'><strong>rut</strong></span> <span class='ocrx_word' id='word_1_232' title='bbox 303 3272 431 3334; x_wconf 65' lang='lat' dir='ltr'><strong>mretrbn&#39;r,</strong></span> <span class='ocrx_word' id='word_1_233' title='bbox 439 3289 483 3336; x_wconf 79' lang='lat' dir='ltr'><strong>pro</strong></span> <span class='ocrx_word' id='word_1_234' title='bbox 493 3287 580 3334; x_wconf 64' lang='lat' dir='ltr'><strong>rugan</strong></span> <span class='ocrx_word' id='word_1_235' title='bbox 590 3287 617 3324; x_wconf 82' lang='lat' dir='ltr'><strong>re</strong></span> <span class='ocrx_word' id='word_1_236' title='bbox 626 3275 726 3324; x_wconf 73' lang='lat' dir='ltr'><strong>natm</strong></span> <span class='ocrx_word' id='word_1_237' title='bbox 738 3275 779 3323; x_wconf 82' lang='lat' dir='ltr'><strong>rei</strong></span> <span class='ocrx_word' id='word_1_238' title='bbox 788 3287 816 3324; x_wconf 81' lang='lat' dir='ltr'><strong>re</strong></span> <span class='ocrx_word' id='word_1_239' title='bbox 825 3276 967 3324; x_wconf 63' lang='lat' dir='ltr'><strong>undere.</strong></span> <span class='ocrx_word' id='word_1_240' title='bbox 993 3275 1024 3324; x_wconf 86' lang='lat' dir='ltr'><strong>iu</strong></span> <span class='ocrx_word' id='word_1_241' title='bbox 1035 3277 1140 3340; x_wconf 84' lang='lat' dir='ltr'><strong>optimis</strong></span> <span class='ocrx_word' id='word_1_242' title='bbox 1152 3277 1217 3325; x_wconf 77' lang='lat' dir='ltr'><strong>Mar.</strong></span> 
     </span>
     <span class='ocr_line' id='line_1_30' title="bbox 116 3289 1216 3452; baseline 0 -65"><span class='ocrx_word' id='word_1_243' title='bbox 116 3347 146 3388; x_wconf 83' lang='lat' dir='ltr'><strong>et</strong></span> <span class='ocrx_word' id='word_1_244' title='bbox 158 3346 222 3386; x_wconf 81' lang='lat' dir='ltr'><strong>retr.</strong></span> <span class='ocrx_word' id='word_1_245' title='bbox 240 3289 306 3388; x_wconf 56' lang='lat' dir='ltr'><strong>Edd-</strong></span> <span class='ocrx_word' id='word_1_246' title='bbox 322 3337 415 3412; x_wconf 71' lang='lat' dir='ltr'><strong>tegitur</strong></span> <span class='ocrx_word' id='word_1_247' title='bbox 430 3337 534 3412; x_wconf 59' lang='lat' dir='ltr'><strong>neutris</strong></span> <span class='ocrx_word' id='word_1_248' title='bbox 547 3351 604 3412; x_wconf 41' lang='grc' dir='ltr'><strong>Μ).</strong></span> <span class='ocrx_word' id='word_1_249' title='bbox 615 3351 660 3400; x_wconf 88' lang='lat' dir='ltr'><strong>pro</strong></span> <span class='ocrx_word' id='word_1_250' title='bbox 675 3341 951 3398; x_wconf 64' lang='lat' dir='ltr'><strong>nocturnarum,</strong></span> <span class='ocrx_word' id='word_1_251' title='bbox 963 3347 991 3389; x_wconf 85' lang='lat' dir='ltr'><strong>et</strong></span> <span class='ocrx_word' id='word_1_252' title='bbox 1001 3341 1036 3400; x_wconf 69' lang='grc' dir='ltr'><strong>τᾳ·</strong></span> <span class='ocrx_word' id='word_1_253' title='bbox 1050 3357 1075 3403; x_wconf 81' lang='lat' dir='ltr'><strong>p.</strong></span> <span class='ocrx_word' id='word_1_254' title='bbox 1092 3356 1126 3389; x_wconf 86' lang='lat' dir='ltr'><strong>ro.</strong></span> <span class='ocrx_word' id='word_1_255' title='bbox 1139 3339 1180 3452; x_wconf 42' lang='lat' dir='ltr'><strong>gr.</strong></span> <span class='ocrx_word' id='word_1_256' title='bbox 1189 3354 1216 3388; x_wconf 80' lang='lat' dir='ltr'><strong>a.</strong></span> 
     </span>
     <span class='ocr_line' id='line_1_31' title="bbox 113 3400 1216 3468; baseline 0 -16"><span class='ocrx_word' id='word_1_257' title='bbox 113 3403 214 3466; x_wconf 68' lang='lat' dir='ltr'><strong>mutu</strong></span> <span class='ocrx_word' id='word_1_258' title='bbox 224 3401 308 3464; x_wconf 69' lang='lat' dir='ltr'><strong>nen.)</strong></span> <span class='ocrx_word' id='word_1_259' title='bbox 324 3400 467 3464; x_wconf 67' lang='lat' dir='ltr'><strong>sepissime</strong></span> <span class='ocrx_word' id='word_1_260' title='bbox 481 3417 495 3450; x_wconf 84' lang='lat' dir='ltr'><strong>a</strong></span> <span class='ocrx_word' id='word_1_261' title='bbox 508 3400 619 3448; x_wconf 80' lang='lat' dir='ltr'><strong>ttbrartrr</strong></span> <span class='ocrx_word' id='word_1_262' title='bbox 631 3402 771 3452; x_wconf 76' lang='lat' dir='ltr'><strong>substituta</strong></span> <span class='ocrx_word' id='word_1_263' title='bbox 785 3417 866 3466; x_wconf 74' lang='lat' dir='ltr'><strong>praep.</strong></span> <span class='ocrx_word' id='word_1_264' title='bbox 882 3417 937 3466; x_wconf 84' lang='lat' dir='ltr'><strong>pro,</strong></span> <span class='ocrx_word' id='word_1_265' title='bbox 953 3403 990 3468; x_wconf 83' lang='lat' dir='ltr'><strong>(r.</strong></span> <span class='ocrx_word' id='word_1_266' title='bbox 1003 3404 1087 3455; x_wconf 80' lang='lat' dir='ltr'><strong>Druk.</strong></span> <span class='ocrx_word' id='word_1_267' title='bbox 1099 3405 1131 3454; x_wconf 81' lang='lat' dir='ltr'><strong>ad</strong></span> <span class='ocrx_word' id='word_1_268' title='bbox 1168 3403 1216 3466; x_wconf 84' lang='lat' dir='ltr'><strong>pit.</strong></span> 
     </span>
     <span class='ocr_line' id='line_1_32' title="bbox 117 3464 1218 3532; baseline 0.004 -19"><span class='ocrx_word' id='word_1_269' title='bbox 117 3467 163 3516; x_wconf 88' lang='lat' dir='ltr'><strong>tib.</strong></span> <span class='ocrx_word' id='word_1_270' title='bbox 177 3464 238 3528; x_wconf 86' lang='lat' dir='ltr'>xv.)</span> <span class='ocrx_word' id='word_1_271' title='bbox 254 3465 380 3516; x_wconf 79' lang='lat' dir='ltr'><strong>lectiones</strong></span> <span class='ocrx_word' id='word_1_272' title='bbox 400 3474 487 3515; x_wconf 78' lang='lat' dir='ltr'><strong>antem</strong></span> <span class='ocrx_word' id='word_1_273' title='bbox 506 3465 705 3522; x_wconf 66' lang='lat' dir='ltr'><strong>recentt.ffLirio</strong></span> <span class='ocrx_word' id='word_1_274' title='bbox 715 3465 760 3514; x_wconf 82' lang='lat' dir='ltr'><strong>rix</strong></span> <span class='ocrx_word' id='word_1_275' title='bbox 771 3467 942 3516; x_wconf 77' lang='lat' dir='ltr'><strong>obtrudetrdoe</strong></span> <span class='ocrx_word' id='word_1_276' title='bbox 955 3467 1096 3519; x_wconf 67' lang='lat' dir='ltr'><strong>videntur!</strong></span> <span class='ocrx_word' id='word_1_277' title='bbox 1115 3469 1218 3532; x_wconf 76' lang='lat' dir='ltr'><strong>Rapert.</strong></span> 
     </span>
     <span class='ocr_line' id='line_1_33' title="bbox 117 3529 1218 3595; baseline 0.002 -15"><span class='ocrx_word' id='word_1_278' title='bbox 117 3534 184 3580; x_wconf 83' lang='lat' dir='ltr'><strong>-ls</strong></span> <span class='ocrx_word' id='word_1_279' title='bbox 200 3529 299 3580; x_wconf 80' lang='lat' dir='ltr'><strong>‘Ferte</strong></span> <span class='ocrx_word' id='word_1_280' title='bbox 316 3530 368 3594; x_wconf 79' lang='lat' dir='ltr'><strong>teg.</strong></span> <span class='ocrx_word' id='word_1_281' title='bbox 385 3529 410 3579; x_wconf 82' lang='lat' dir='ltr'><strong>tr</strong></span> <span class='ocrx_word' id='word_1_282' title='bbox 427 3535 478 3580; x_wconf 82' lang='lat' dir='ltr'><strong>totu</strong></span> <span class='ocrx_word' id='word_1_283' title='bbox 493 3529 561 3578; x_wconf 76' lang='lat' dir='ltr'><strong>cario</strong></span> <span class='ocrx_word' id='word_1_284' title='bbox 578 3543 636 3579; x_wconf 83' lang='lat' dir='ltr'><strong>eunt</strong></span> <span class='ocrx_word' id='word_1_285' title='bbox 654 3530 778 3595; x_wconf 79' lang='lat' dir='ltr'><strong>Deeriug.</strong></span> <span class='ocrx_word' id='word_1_286' title='bbox 794 3538 821 3581; x_wconf 80' lang='lat' dir='ltr'><strong>et</strong></span> <span class='ocrx_word' id='word_1_287' title='bbox 832 3533 1046 3585; x_wconf 66' lang='lat' dir='ltr'><strong>minumum</strong></span> <span class='ocrx_word' id='word_1_288' title='bbox 1058 3533 1148 3585; x_wconf 67' lang='lat' dir='ltr'><strong>Gran!</strong></span> <span class='ocrx_word' id='word_1_289' title='bbox 1164 3533 1218 3583; x_wconf 77' lang='lat' dir='ltr'><strong>Rs·</strong></span> 
     </span>
    </p>
   </div>
   <div class='ocr_carea' id='block_1_8' title="bbox 610 3660 720 3712">
    <p class='ocr_par' dir='ltr' id='par_1_8' title="bbox 610 3660 720 3712">
     <span class='ocr_line' id='line_1_34' title="bbox 610 3660 720 3712; baseline 0.018 -2"><span class='ocrx_word' id='word_1_290' title='bbox 610 3660 720 3712; x_wconf 70' lang='lat' dir='ltr'><strong>Nom</strong></span> 
     </span>
    </p>
   </div>
   <div class='ocr_carea' id='block_1_9' title="bbox 109 3755 1241 4280">
    <p class='ocr_par' dir='ltr' id='par_1_9' title="bbox 109 3755 1241 4124">
     <span class='ocr_line' id='line_1_35' title="bbox 149 3755 1216 3826; baseline 0.006 -22"><span class='ocrx_word' id='word_1_291' title='bbox 149 3757 158 3789; x_wconf 69' lang='lat' dir='ltr'><strong>t</strong></span> <span class='ocrx_word' id='word_1_292' title='bbox 176 3755 206 3804; x_wconf 82' lang='lat' dir='ltr'><strong>tt</strong></span> <span class='ocrx_word' id='word_1_293' title='bbox 217 3755 320 3820; x_wconf 80' lang='lat' dir='ltr'><strong>tortura]</strong></span> <span class='ocrx_word' id='word_1_294' title='bbox 346 3757 484 3808; x_wconf 75' lang='lat' dir='ltr'><strong>Scribebat</strong></span> <span class='ocrx_word' id='word_1_295' title='bbox 496 3756 611 3807; x_wconf 83' lang='lat' dir='ltr'><strong>Gronov.</strong></span> <span class='ocrx_word' id='word_1_296' title='bbox 622 3759 648 3808; x_wconf 85' lang='lat' dir='ltr'><strong>id</strong></span> <span class='ocrx_word' id='word_1_297' title='bbox 689 3766 762 3811; x_wconf 83' lang='lat' dir='ltr'><strong>actor</strong></span> <span class='ocrx_word' id='word_1_298' title='bbox 775 3777 856 3826; x_wconf 80' lang='lat' dir='ltr'><strong>penes</strong></span> <span class='ocrx_word' id='word_1_299' title='bbox 876 3763 995 3811; x_wconf 81' lang='lat' dir='ltr'><strong>conantes</strong></span> <span class='ocrx_word' id='word_1_300' title='bbox 1013 3761 1116 3812; x_wconf 75' lang='lat' dir='ltr'><strong>inerat:</strong></span> <span class='ocrx_word' id='word_1_301' title='bbox 1133 3761 1216 3810; x_wconf 83' lang='lat' dir='ltr'><strong>donee</strong></span> 
     </span>
     <span class='ocr_line' id='line_1_36' title="bbox 109 3830 1218 3900; baseline 0.003 -21"><span class='ocrx_word' id='word_1_302' title='bbox 109 3830 221 3892; x_wconf 74' lang='lat' dir='ltr'><strong>jactum:</strong></span> <span class='ocrx_word' id='word_1_303' title='bbox 240 3846 291 3881; x_wconf 92' lang='lat' dir='ltr'><strong>non</strong></span> <span class='ocrx_word' id='word_1_304' title='bbox 309 3833 521 3898; x_wconf 78' lang='lat' dir='ltr'><strong>improbabiliter,</strong></span> <span class='ocrx_word' id='word_1_305' title='bbox 540 3834 589 3883; x_wconf 88' lang='lat' dir='ltr'><strong>boc</strong></span> <span class='ocrx_word' id='word_1_306' title='bbox 599 3839 648 3896; x_wconf 84' lang='lat' dir='ltr'><strong>est,</strong></span> <span class='ocrx_word' id='word_1_307' title='bbox 688 3837 771 3886; x_wconf 79' lang='lat' dir='ltr'><strong>erecti</strong></span> <span class='ocrx_word' id='word_1_308' title='bbox 781 3851 909 3890; x_wconf 82' lang='lat' dir='ltr'><strong>censores.</strong></span> <span class='ocrx_word' id='word_1_309' title='bbox 921 3837 965 3900; x_wconf 85' lang='lat' dir='ltr'><strong>qui</strong></span> <span class='ocrx_word' id='word_1_310' title='bbox 980 3836 1028 3884; x_wconf 87' lang='lat' dir='ltr'><strong>ttoe</strong></span> <span class='ocrx_word' id='word_1_311' title='bbox 1045 3849 1150 3883; x_wconf 79' lang='lat' dir='ltr'><strong>munere</strong></span> <span class='ocrx_word' id='word_1_312' title='bbox 1160 3833 1218 3882; x_wconf 78' lang='lat' dir='ltr'><strong>stru·</strong></span> 
     </span>
     <span class='ocr_line' id='line_1_37' title="bbox 113 3907 1241 3976; baseline 0 -19"><span class='ocrx_word' id='word_1_313' title='bbox 113 3911 256 3972; x_wconf 73' lang='lat' dir='ltr'><strong>jactatum,</strong></span> <span class='ocrx_word' id='word_1_314' title='bbox 268 3913 435 3974; x_wconf 81' lang='lat' dir='ltr'><strong>pmporittrut.</strong></span> <span class='ocrx_word' id='word_1_315' title='bbox 470 3913 594 3976; x_wconf 73' lang='lat' dir='ltr'><strong>Agnoscit</strong></span> <span class='ocrx_word' id='word_1_316' title='bbox 610 3921 648 3963; x_wconf 80' lang='lat' dir='ltr'><strong>tt·</strong></span> <span class='ocrx_word' id='word_1_317' title='bbox 688 3918 819 3974; x_wconf 72' lang='lat' dir='ltr'><strong>gerentur.</strong></span> <span class='ocrx_word' id='word_1_318' title='bbox 844 3909 989 3971; x_wconf 81' lang='lat' dir='ltr'><strong>interdum,</strong></span> <span class='ocrx_word' id='word_1_319' title='bbox 1001 3909 1046 3958; x_wconf 81' lang='lat' dir='ltr'><strong>red</strong></span> <span class='ocrx_word' id='word_1_320' title='bbox 1059 3910 1152 3967; x_wconf 78' lang='lat' dir='ltr'><strong>rarius,</strong></span> <span class='ocrx_word' id='word_1_321' title='bbox 1162 3907 1216 3957; x_wconf 86' lang='lat' dir='ltr'><strong>die·</strong></span> <span class='ocrx_word' id='word_1_322' title='bbox 1238 3918 1241 3925; x_wconf 93' lang='grc'>’</span> 
     </span>
     <span class='ocr_line' id='line_1_38' title="bbox 118 3983 1216 4052; baseline -0.001 -20"><span class='ocrx_word' id='word_1_323' title='bbox 118 3997 179 4032; x_wconf 83' lang='lat' dir='ltr'><strong>meu</strong></span> <span class='ocrx_word' id='word_1_324' title='bbox 199 3999 250 4034; x_wconf 86' lang='lat' dir='ltr'><strong>nou</strong></span> <span class='ocrx_word' id='word_1_325' title='bbox 269 3987 335 4036; x_wconf 82' lang='lat' dir='ltr'><strong>rusie</strong></span> <span class='ocrx_word' id='word_1_326' title='bbox 355 3985 407 4036; x_wconf 86' lang='lat' dir='ltr'><strong>dici</strong></span> <span class='ocrx_word' id='word_1_327' title='bbox 429 3988 455 4037; x_wconf 80' lang='lat' dir='ltr'><strong>id</strong></span> <span class='ocrx_word' id='word_1_328' title='bbox 477 3993 575 4045; x_wconf 75' lang='lat' dir='ltr'><strong>turtum,</strong></span> <span class='ocrx_word' id='word_1_329' title='bbox 597 4003 649 4052; x_wconf 81' lang='lat' dir='ltr'><strong>qna</strong></span> <span class='ocrx_word' id='word_1_330' title='bbox 689 3993 767 4043; x_wconf 85' lang='lat' dir='ltr'><strong>tator,</strong></span> <span class='ocrx_word' id='word_1_331' title='bbox 779 3985 910 4034; x_wconf 76' lang='lat' dir='ltr'><strong>autetiam</strong></span> <span class='ocrx_word' id='word_1_332' title='bbox 924 3984 1049 4033; x_wconf 75' lang='lat' dir='ltr'><strong>triumviri</strong></span> <span class='ocrx_word' id='word_1_333' title='bbox 1069 3998 1101 4031; x_wconf 83' lang='lat' dir='ltr'><strong>es</strong></span> <span class='ocrx_word' id='word_1_334' title='bbox 1111 3983 1145 4031; x_wconf 87' lang='lat' dir='ltr'><strong>de</strong></span> <span class='ocrx_word' id='word_1_335' title='bbox 1157 3984 1216 4031; x_wconf 66' lang='lat' dir='ltr'><strong>canl</strong></span> 
     </span>
     <span class='ocr_line' id='line_1_39' title="bbox 118 4059 1216 4124; baseline 0 -16"><span class='ocrx_word' id='word_1_336' title='bbox 118 4059 203 4110; x_wconf 83' lang='lat' dir='ltr'><strong>t&#39;oruru</strong></span> <span class='ocrx_word' id='word_1_337' title='bbox 215 4061 338 4124; x_wconf 82' lang='lat' dir='ltr'><strong>loquendi</strong></span> <span class='ocrx_word' id='word_1_338' title='bbox 348 4077 407 4111; x_wconf 83' lang='lat' dir='ltr'><strong>utut</strong></span> <span class='ocrx_word' id='word_1_339' title='bbox 420 4064 475 4114; x_wconf 83' lang='lat' dir='ltr'><strong>Cic.</strong></span> <span class='ocrx_word' id='word_1_340' title='bbox 689 4075 718 4110; x_wconf 81' lang='lat' dir='ltr'><strong>ra</strong></span> <span class='ocrx_word' id='word_1_341' title='bbox 733 4061 816 4111; x_wconf 77' lang='lat' dir='ltr'><strong>creati</strong></span> <span class='ocrx_word' id='word_1_342' title='bbox 828 4060 853 4109; x_wconf 89' lang='lat' dir='ltr'><strong>id</strong></span> <span class='ocrx_word' id='word_1_343' title='bbox 864 4059 986 4124; x_wconf 68' lang='lat' dir='ltr'><strong>agebunt,</strong></span> <span class='ocrx_word' id='word_1_344' title='bbox 997 4067 1026 4109; x_wconf 88' lang='lat' dir='ltr'><strong>ut</strong></span> <span class='ocrx_word' id='word_1_345' title='bbox 1039 4067 1145 4108; x_wconf 73' lang='lat' dir='ltr'><strong>annotet</strong></span> <span class='ocrx_word' id='word_1_346' title='bbox 1158 4059 1216 4108; x_wconf 81' lang='lat' dir='ltr'><strong>Mu·</strong></span> 
     </span>
    </p>

    <p class='ocr_par' dir='ltr' id='par_1_10' title="bbox 119 4135 1135 4280">
     <span class='ocr_line' id='line_1_40' title="bbox 151 4135 1135 4206; baseline -0.009 -12"><span class='ocrx_word' id='word_1_347' title='bbox 151 4146 163 4170; x_wconf 94' lang='grc'><strong>“</strong></span> <span class='ocrx_word' id='word_1_348' title='bbox 182 4139 348 4194; x_wconf 68' lang='lat' dir='ltr'><strong>Qtioerutnrt</strong></span> <span class='ocrx_word' id='word_1_349' title='bbox 358 4137 545 4206; x_wconf 74' lang='lat' dir='ltr'><strong>tegerrtJ&#39;Hoee</strong></span> <span class='ocrx_word' id='word_1_350' title='bbox 562 4147 648 4205; x_wconf 83' lang='lat' dir='ltr'><strong>poter·</strong></span> <span class='ocrx_word' id='word_1_351' title='bbox 683 4137 770 4202; x_wconf 69' lang='lat' dir='ltr'><strong>Jorrg.</strong></span> <span class='ocrx_word' id='word_1_352' title='bbox 783 4136 816 4188; x_wconf 81' lang='lat' dir='ltr'><strong>de</strong></span> <span class='ocrx_word' id='word_1_353' title='bbox 828 4135 924 4186; x_wconf 82' lang='lat' dir='ltr'><strong>Senatu</strong></span> <span class='ocrx_word' id='word_1_354' title='bbox 936 4135 1012 4186; x_wconf 82' lang='lat' dir='ltr'><strong>Rom.</strong></span> <span class='ocrx_word' id='word_1_355' title='bbox 1024 4150 1082 4200; x_wconf 85' lang='lat' dir='ltr'><strong>erp.</strong></span> <span class='ocrx_word' id='word_1_356' title='bbox 1095 4140 1135 4185; x_wconf 86' lang='lat' dir='ltr'><strong>tt.</strong></span> 
     </span>
     <span class='ocr_line' id='line_1_41' title="bbox 119 4214 648 4280; baseline -0.002 -15"><span class='ocrx_word' id='word_1_357' title='bbox 119 4219 160 4265; x_wconf 80' lang='lat' dir='ltr'><strong>tat</strong></span> <span class='ocrx_word' id='word_1_358' title='bbox 177 4214 280 4278; x_wconf 71' lang='lat' dir='ltr'><strong>tegendi</strong></span> <span class='ocrx_word' id='word_1_359' title='bbox 293 4215 418 4266; x_wconf 77' lang='lat' dir='ltr'><strong>Senatum</strong></span> <span class='ocrx_word' id='word_1_360' title='bbox 435 4223 494 4279; x_wconf 86' lang='lat' dir='ltr'><strong>post</strong></span> <span class='ocrx_word' id='word_1_361' title='bbox 512 4229 586 4280; x_wconf 79' lang='lat' dir='ltr'><strong>reges</strong></span> <span class='ocrx_word' id='word_1_362' title='bbox 603 4229 648 4266; x_wconf 78' lang='lat' dir='ltr'><strong>ex·</strong></span> 
     </span>
    </p>
   </div>
   <div class='ocr_carea' id='block_1_10' title="bbox 0 0 1475 4767">
    <p class='ocr_par' dir='ltr' id='par_1_11' title="bbox 0 0 1475 4767">
     <span class='ocr_line' id='line_1_42' title="bbox 0 0 1475 4767; baseline 0 0"><span class='ocrx_word' id='word_1_363' title='bbox 0 0 1475 4767; x_wconf 95' lang='lat' dir='ltr'><strong> </strong></span> 
     </span>
    </p>
   </div>
  </div>
 </body>
</html>
