2917 4767
394 385 498 435 ιιιιιι
524 384 606 435 xvi.
629 384 955 434 surranunuruu.
1142 366 1227 435 1⁵³1

103 530 233 589 veniunt
251 537 284 589 et
308 528 396 589 Galli
415 531 456 589 ab
469 528 621 589 Hannone
643 528 770 608 decepti.
814 527 1063 607 consurgentibus

106 625 152 683 ad
166 626 220 685 lrcs
230 625 427 705 excipiendos
439 624 587 685 Romanis
603 624 693 683 oritur
704 624 837 703 proeiium
852 634 948 693 atrox,
962 624 991 683 in
1005 645 1064 704 quo

108 719 196 779 Gelli
215 740 321 781 omnes
342 720 499 791 interfecti,
519 740 587 780 cum
601 720 687 780 inulti
701 719 863 779 noluissent
880 722 1062 791 occumbere,

105 815 224 895 duplex
239 815 386 877 Hannoni
400 816 540 894 gaudium
553 817 749 896 prebuerunt,
762 814 1006 880 conductitiorum
1020 816 1063 875 in·

107 910 271 970 solentiam
282 932 352 971 cum
366 913 494 972 bostium
502 911 582 971 baud
594 912 702 990 exiguo
714 911 890 971 detrimento
901 931 959 971 non
972 908 1063 971 incal-

109 1006 171 1067 lidc
185 1007 363 1067 vindicanti.
510 1063 517 1072 ,
608 1082 612 1090 1
892 1058 895 1066 ,

149 1110 205 1162 ul.
228 1102 339 1163 Roma*
357 1104 474 1163 interim
493 1103 532 1163 de
552 1123 631 1183 aquo
651 1103 779 1162 Anienis
799 1103 828 1163 in
850 1102 952 1161 urbem
972 1100 1064 1161 dedu·
1093 1120 1174 1171 emt,
1196 1122 1227 1171 ds

106 1198 209 1257 cenda
224 1198 376 1259 Minucius
388 1208 494 1279 prrctcr
510 1200 540 1257 iu
560 1209 663 1258 senatu
676 1198 786 1257 retulit.
828 1197 913 1279 Opus
934 1195 1008 1255 illud
1026 1215 1064 1255 ex
1076 1183 1220 1250 Aqueducr.

108 1294 262 1354 manubiis
275 1315 377 1354 censor
391 1295 447 1353 Μ’.
461 1294 569 1353 Curius
589 1294 755 1355 locaverat:
777 1293 829 1353 sed
847 1294 936 1353 variis
956 1292 1066 1352 exortis

111 1389 344 1469 impedimentis,
358 1410 405 1449 res
418 1410 527 1450 nonum
548 1391 579 1449 in
599 1410 708 1449 anuum
722 1389 913 1469 prolatatum
926 1398 1066 1449 retracta·

110 1484 220 1543 batur:
240 1485 391 1564 creatique
416 1484 563 1545 duumviri
585 1485 693 1545 Curius
716 1494 749 1545 et
774 1485 897 1545 Fulvius
921 1484 1063 1545 Flaccus:

108 1581 163 1639 sed
184 1579 281 1640 Curio
292 1583 426 1661 quintum
443 1583 520 1641 intra
540 1581 620 1641 diem
639 1580 790 1651 defuncto,
816 1581 910 1659 glorio
928 1581 1064 1641 deducta

108 1696 199 1755 aqua
212 1696 305 1756 penes
317 1696 406 1736 unum
416 1676 552 1737 Fulvium
566 1676 630 1735 fuit
660 1676 725 1737 Sub
738 1677 768 1737 id
781 1686 897 1757 tempus
906 1674 1065 1736 Hamilcar

109 1772 139 1830 in
153 1772 294 1831 Siciliam
313 1772 474 1832 Hannonis
485 1792 634 1832 successor
646 1772 827 1851 Carthagine
840 1772 931 1834 venit.
974 1770 1064 1831 Han·
1076 1788 1177 1841 Diales.

110 1888 220 1927 nouem
232 1888 361 1947 namque
384 1888 423 1927 ex
444 1868 523 1927 mela
535 1888 634 1949 pugna
648 1868 767 1927 domum
790 1866 961 1927 redeuntem
981 1867 1063 1943 igno·

109 1964 236 2023 miniose
262 1973 443 2044 exceperunt
467 1964 568 2033 Poeni,
598 1963 829 2042 mulctummque
854 1980 908 2023 sex
935 1962 1066 2021 millibus

108 2058 287 2118 aureorum‘
299 2060 472 2139 praelectum
483 2060 678 2122 dimoverant.
705 2059 785 2119 Eum
799 2058 1003 2119 Hamilcarem
1011 2078 1064 2138 pa·
1092 2082 1176 2130 zm,
1203 2090 1228 2131 er

107 2348 191 2426 cepti
219 2367 280 2406 non
306 2355 384 2405 recte
410 2345 616 2406 tradiderunt:
647 2366 716 2406 nam
742 2348 855 2425 genitor
883 2345 1065 2407 Hannibalis

109 2440 277 2501 Hamilcar
288 2442 427 2501 extremis
438 2445 505 2520 ejus
516 2441 588 2501 belli
609 2444 788 2522 temporibus
800 2445 830 2503 iu
844 2442 977 2504 Siciliam
996 2462 1064 2503 cum
1077 2458 1150 2508 com.
1161 2458 1227 2522 Nep.

110 2537 239 2617 imperio
260 2536 431 2597 edolosoens
449 2538 548 2599 venit:
569 2536 622 2597 sed
637 2538 794 2599 celebritas
815 2540 880 2617 ejus
900 2540 1011 2608 effecit,
1032 2547 1065 2597 ut
1077 2524 1102 2637 ΞΠ
1115 2522 1228 2637 fenile.

109 2632 236 2691 alterius
248 2633 398 2711 ignotioris
412 2631 597 2692 Hamilcaris
609 2643 677 2694 acta
691 2634 797 2693 Barcen
808 2633 988 2715 Hamilcari,
1002 2654 1064 2693 om·
1095 2624 1101 2637 ⁸
1131 2622 1137 2637 ⁸

109 2730 194 2787 nium
218 2731 271 2806 qui
289 2728 346 2787 boc
364 2728 480 2787 nomine
500 2728 829 2807 fueruntpri'obilissimo,
846 2730 1065 2789 ascriberentur.

113 2822 276 2883 Successor
293 2823 380 2900 igitur
396 2822 557 2881 Hannonis
571 2823 741 2894 Hamilcar,
759 2822 885 2901 pedestri
899 2824 999 2901 utique
1013 2843 1065 2882 ex-

108 2918 205 2977 ercitu
218 2918 376 2977 Romanoa
387 2917 475 2995 longe
486 2918 648 2997 superiores
667 2938 730 2977 esse
743 2936 874 2988 cernens,
898 2916 1065 2977 mediterra-
1080 2944 1166 3010 Polyb.

109 3034 183 3073 nens
195 3011 317 3091 quidem
331 3013 418 3071 urbes
429 3012 526 3071 nullus
539 3012 670 3073 audcbnt
681 3012 813 3091 aggredi,
835 3032 929 3093 neque
942 3033 980 3073 ex
994 3012 1068 3073 locis

111 3109 257 3168 montosis
268 3117 300 3167 et
312 3108 411 3167 arduis
423 3109 453 3167 in
464 3108 556 3188 plana
565 3108 760 3169 descendere:
774 3106 825 3167 sed
838 3108 932 3168 classe
939 3106 1066 3175 validus,

111 3225 174 3283 qua
190 3203 272 3263 baud
286 3203 376 3264 dubie
388 3204 476 3263 maris
488 3205 642 3285 imparium
655 3205 786 3274 tenebat,
803 3224 840 3263 ea
860 3214 942 3284 purte
960 3204 1065 3263 virium

111 3300 329 3378 baudsegniter
336 3299 485 3371 utebatur,
495 3300 641 3379 missoque
649 3301 754 3360 iterum
764 3298 939 3361 Hannibale
950 3298 988 3359 ad
999 3318 1065 3359 vas-

109 3395 236 3457 tandum
257 3395 358 3455 Italiae
381 3415 474 3466 cmm,
501 3396 563 3475 ipse
590 3394 692 3457 Sicula
718 3396 817 3457 littora
840 3397 1065 3467 circumvectus,
1079 3403 1162 3457 Zosas.

142 3665 152 3696 i
169 3663 222 3713 Sa
232 3662 479 3727 sriiiiiusarmera]
489 3662 517 3711 Si
527 3677 574 3713 ru·
607 3670 719 3725 quatuor
730 3665 813 3715 unciis
824 3681 830 3711 ι
847 3678 904 3729 qne
917 3679 949 3713 ex
959 3678 1066 3727 propor-

112 3730 151 3779 rci
163 3728 201 3777 illi
220 3742 297 3793 parat
308 3726 384 3776 fuere
398 3726 504 3790 Atticis,
515 3742 574 3776 cum
607 3730 677 3779 tiouc
687 3728 922 3793 quindecuplarurl
932 3728 964 3776 ad
975 3742 1067 3791 urgen-

112 3807 207 3843 curens
228 3794 346 3851 Atticus,
368 3798 398 3840 ut
417 3792 530 3841 diximus
548 3793 576 3840 iu
609 3800 675 3855 tum,
686 3808 762 3858 quarn
781 3802 843 3843 tnnc
859 3792 1066 3842 Romaoirarrr·

112 3858 283 3914 Publione,
308 3858 416 3905 dirarum
443 3856 577 3908 drscbma·
609 3856 723 3919 bant,ut
741 3857 837 3907 ibidem
853 3858 1007 3917 monuimus,
1019 3870 1066 3903 er·

112 3939 169 3972 rurn
192 3926 296 3986 pondus
319 3928 447 3985 equorei,
468 3935 514 3969 sex
533 3921 577 3969 ille
609 3922 772 3971 timebuntur
779 3935 855 3986 parer
866 3918 958 3969 mercia
966 3921 1066 3983 urgenti

112 4002 247 4036 aureorum
272 3986 355 4037 millis
384 3987 455 4049 paria
479 3984 578 4035 fuerint
608 3984 1068 4053 talamumquatuoritidcnrnnciir.

112 4056 168 4101 187.
179 4054 274 4102 marcis
282 4050 341 4101 auri
349 4050 509 4101 uoatrrtibua
518 4066 578 4102 cum
611 4053 679 4101 Creu.
