2917 4767
483 383 557 431 nm.
579 381 684 432 xxrr.
707 381 790 430 cnr.
812 363 866 431 22.
1137 367 1223 436 1809

104 532 119 560 ‘
138 524 283 592 Motum
311 523 518 590 continuisse
541 525 585 590 ad
610 545 685 590 eam
709 523 796 590 diem
818 523 1052 608 Hispanorum
1080 525 1222 603 animos,

98 629 204 710 quia
229 627 352 710 procul
378 625 525 691 Romani
554 628 734 724 abessent:
758 643 848 690 nunc
872 625 923 690 cis
952 626 1087 690 Iberum
1111 633 1223 691 castra

107 727 283 794 Romana
291 748 383 806 csso,
397 747 509 792 urcem
520 735 629 792 tntum
640 727 898 811 perfugiumque
911 747 1018 792 novus
1031 729 1223 793 volentibus

107 843 198 896 ros:
242 830 379 914 Itaque,
405 849 490 913 qnos
509 838 618 894 motus
639 848 707 893 non
728 835 849 906 teneat,
869 828 1033 894 beneficio
1056 837 1090 894 st
1115 830 1224 911 gratia

110 930 474 997 devinciendososso.’
503 925 642 996 Miranti
653 930 787 995 Bostari
802 931 1108 1014 percunctantique,
1120 931 1222 1014 quod·

111 1053 201 1098 nam
216 1034 251 1098 id
267 1033 417 1100 subitum
432 1037 532 1100 tantm
545 1035 596 1097 roi
617 1032 742 1098 donum
759 1032 871 1115 possit
884 1033 983 1096 essct
1028 1037 1038 1067 ‘
1056 1030 1225 1110 Obsides‚’

109 1135 245 1218 inquit,
266 1139 276 1171 ‘
291 1137 327 1200 in
339 1136 496 1200 civitates
517 1134 659 1199 remitto.
703 1132 745 1197 Id
760 1140 793 1198 et
805 1131 832 1172 ¹⁶
848 1133 1004 1216 privatim
1018 1134 1223 1216 parentibus,

114 1255 267 1318 qnorum
279 1237 462 1300 maximnm
478 1254 599 1301 nomon
614 1235 649 1298 in
665 1233 860 1299 civitatibus
877 1238 928 1298 est
944 1234 1027 1312 suis,
1044 1239 1076 1300 et
1090 1234 1225 1318 publice

117 1338 266 1421 populis
288 1343 415 1419 gratnm
434 1337 511 1402 crit.
554 1335 642 1401 Vult
665 1335 732 1399 sibi
758 1337 904 1421 quisquc
926 1335 1029 1414 credi,
1051 1343 1085 1402 et
1108 1336 1225 1402 babitu

120 1437 212 1502 fides
231 1439 344 1520 ipsam
364 1437 557 1522 plerumque
578 1437 703 1520 obligat
723 1435 835 1502 fidem.
881 1437 1108 1504 Ministorinm
1128 1440 1226 1504 resti·

122 1539 327 1604 tuendorum
342 1538 461 1603 domos
472 1537 626 1603 obsidum
640 1537 792 1602 mihimet
803 1537 952 1622 deposco
965 1539 1053 1621 ipse,
1067 1547 1106 1604 nt
1121 1559 1226 1623 opera

121 1659 263 1725 quoqne
285 1642 437 1724 impensu
458 1639 636 1705 consilium
659 1638 817 1722 adjurem
834 1659 954 1717 meum,
977 1645 1011 1704 et
1033 1641 1081 1706 rei
1105 1647 1226 1724 suapte

120 1748 378 1831 natumvgrutae,
392 1747 550 1826 quantam
566 1743 701 1824 insuper
713 1743 852 1822 gratiam
872 1740 1013 1823 possim,
1029 1741 1227 1825 adjiciam.’t
1291 1831 1296 1849 Ι
1317 1747 1357 1844 s

123 1842 285 1921 Homini,
310 1862 378 1909 non
402 1842 445 1906 ad
475 1850 588 1907 cetera
611 1840 744 1906 Punica
769 1842 902 1924 ingenia
927 1841 1063 1921 callido,
1091 1848 1128 1930 ut
1152 1862 1248 1925 per·=
1294 1852 1302 1860 '

119 1947 265 2021 suasit:
286 1951 387 2008 nocto
411 1945 496 2010 clam
517 1961 712 2025 progressus
735 1941 777 2006 ud
798 1941 941 2008 hostium
957 1943 1130 2020 stationes,
1148 1963 1227 2008 con·

119 2045 239 2112 nantis
260 2043 462 2129 quibusdam
482 2043 706 2120 auxiliaribus
721 2041 906 2126 Hispanis,⁴
923 2052 958 2110 et
972 2046 1017 2109 ub
1033 2045 1075 2110 iis
1095 2044 1139 2110 ad
1155 2045 1229 2110 Sci·

123 2148 267 2232 pionem
280 2145 473 2229 perductus,
495 2145 577 2230 quid
593 2144 736 2222 afferret,
753 2146 932 2227 expromit.
976 2145 1061 2210 Fido
1086 2154 1229 2230 accepta

123 2248 287 2332 dumque,
315 2266 357 2312 ac
382 2247 460 2329 loco
484 2252 519 2311 et
543 2253 690 2329 tompore
715 2246 902 2312 constituto
929 2246 973 2312 ad
999 2247 1136 2313 obsides
1161 2255 1226 2314 tra·
1294 2245 1296 2250 ’

125 2349 271 2423 dandos,
292 2349 475 2432 Saguntum
490 2348 595 2428 redit3
617 2347 705 2413 diem
720 2347 950 2432 insequentem
973 2351 1138 2416 absumsit
1153 2369 1228 2416 cum

127 2451 277 2518 Bostare
291 2448 457 2516 mandatis
471 2450 514 2515 ad
527 2469 596 2514 rem
607 2449 767 2532 egendum
782 2451 1000 2535 accipiendis.
1044 2453 1229 2530 Dimissus,

126 2573 207 2622 ¹curn
222 2573 263 2618 so
277 2561 377 2618 nocte
390 2552 526 2628 itnrnm,
546 2560 584 2617 ut
604 2551 779 2616 custodias
793 2551 939 2617 bostium
954 2553 1091 2631 falleret,
1106 2556 1231 2618 consti·

126 2656 268 2732 inisset}
281 2654 323 2718 ad
340 2651 563 2734 compositam
578 2671 655 2716 cnm
670 2651 713 2716 iis
726 2652 843 2716 horam
859 2653 1018 2718 excitatis
1034 2653 1230 2720 custodibus

127 2775 310 2840 puerorum
337 2754 520 2838 profectus,
554 2751 659 2817 voluti
692 2753 829 2835 ignarus
863 2753 897 2817 in
926 2761 1137 2837 preparatus
1166 2774 1231 2820 sna

128 2857 251 2923 irnude
266 2856 410 2920 insidias
425 2854 530 2918 ducit.
567 2853 607 2916 In
619 2859 732 2917 castra
747 2853 904 2918 Romanu
914 2855 1079 2936 perducti.
1109 2854 1233 2921 Cetera

123 2959 247 3026 omnia
261 2958 305 3022 dc
326 2954 502 3022 reddendis
522 2953 723 3030 obsidibus,⁸
748 2953 837 3018 sicut
856 2973 932 3020 cum
947 2954 1094 3020 Bostare
1109 2957 1232 3022 cousti-

130 3067 243 3126 tntum
260 3065 342 3135 arat,
361 3068 440 3122 acta
460 3074 519 3141 por
537 3052 677 3120 eundem
693 3055 854 3133 ordinem,
881 3075 948 3140 qno
972 3057 1002 3120 si
1022 3054 1233 3140 Carthagini·

132 3164 264 3226 ensium
290 3160 425 3226 nomine
455 3157 505 3222 sic
530 3162 722 3240 rrgrrrctur.¹⁷
767 3154 881 3240 Major
909 3155 1080 3241 aliquanto
1105 3155 1232 3224 Roma·

167 3464 179 3487 ·
196 3454 387 3516 Personarum
395 3452 513 3515 perunit
525 3451 636 3508 Bostari,
645 3450 687 3515 qai
696 3452 798 3514 simpla
808 3455 832 3500 rt
846 3451 960 3500 monuo
970 3451 1038 3500 hmo
1052 3456 1116 3514 mot,
1127 3450 1235 3514 aeriu-

132 3523 160 3569 tu
171 3519 264 3582 reliqua
273 3517 402 3567 pm
411 3516 507 3578 ingeris
517 3520 633 3568 urm.

597 3655 777 3678 §cumeneo

133 3762 276 3810 dots-lo
295 3757 328 3808 Et
338 3757 413 3807 deest
425 3757 451 3807 in
464 3756 530 3807 Edd.
541 3765 603 3807 oute
614 3757 763 3808 Dran-1¹1
780 3757 830 3806 ‘ln
842 3759 971 3822 plurisque
981 3757 1044 3806 Mar.
1053 3763 1081 3806 ct
1090 3755 1158 3806 Edd.
1167 3765 1235 3808 antt.

134 3825 206 3890 quui
214 3830 357 3886 uguentum·
373 3822 419 3872 rod
432 3823 497 3872 beno
509 3821 611 3872 emend.
624 3821 720 3872 Stroth.
731 3827 785 3874 ecto
799 3837 843 3886 prr
854 3823 952 3872 cundem
963 3820 1133 3886 (Abelncem)
1144 3822 1236 3884 ordine,

633 3967 741 4020 NOTAE

168 4073 181 4120 t
199 4066 283 4116 Addit
294 4066 388 4130 Polyb.
407 4064 547 4116 verendum
563 4079 597 4114 nc
611 4065 665 4115 Ro·
739 4072 749 4096 ¹
768 4065 854 4113 cetera
869 4061 947 4112 omia
960 4061 990 4110 de
1007 4059 1133 4110 reddendis
1149 4061 1236 4114 obsidi-

136 4144 220 4208 msni,
241 4143 358 4206 Sagunto
378 4147 406 4189 et
427 4138 561 4190 obsidibus
582 4141 667 4207 potiti,
707 4136 762 4200 tu]
786 4136 900 4188 Obsides
923 4135 1046 4200 proximis
1068 4136 1120 4188 snit
1139 4139 1238 4190 redditi

138 4221 272 4286 Hispanos
281 4217 314 4268 nd
326 4231 354 4293 ‚⁸⁰
366 4221 529 4268 convertunt.
708 4222 771 4266 runt
788 4228 835 4280 per
847 4213 997 4271 Abelncem,
1018 4212 1109 4264 eadem
1126 4215 1237 4280 ratione,
