2917 4767
492 394 565 442 ara.
588 391 710 442 xxrrr.
733 393 815 442 use.
836 378 870 442 6.
1136 381 1229 451 1895

88 561 169 618 tos
205 554 332 637 epulis,
347 573 434 637 quos
458 553 648 629 contingere
673 553 776 618 etiam
800 553 895 617 nefas
916 553 985 630 sit,¹
999 552 1110 620 videro
1125 561 1228 640 alque

89 655 252 721 habero
274 656 439 726 dominos,
453 664 487 718 et
504 675 552 720 ex
566 655 682 720 Africa
703 667 739 720 et
756 676 778 720 a
797 654 998 738 Cartbagine
1008 657 1087 739 jura
1104 666 1227 740 petere,

88 765 135 821 et
156 757 309 822 Italiam
332 756 553 822 Numidarum
568 777 609 822 ae
628 757 818 822 Maurorum
836 757 907 840 pati
922 757 1125 839 provinciam
1140 779 1227 837 esse,

91 860 171 924 cui
193 878 277 935 non,
293 859 407 941 genito
423 858 520 923 modo
534 859 568 922 in
584 858 701 936 Italia,
716 857 918 922 detestabile
933 859 1002 921 siti
1047 857 1228 926 Pulchrum

90 963 201 1040 erit,
216 960 396 1044 Campani,
412 961 601 1044 prolapsum
611 959 708 1024 clade
721 958 912 1024 Romanum
923 967 946 998 ¹¹
962 961 1139 1042 imperinm
1150 981 1228 1026 ves-

94 1067 166 1126 tra
204 1063 284 1139 fide,
312 1061 431 1126 uestris
462 1062 592 1127 viribus
623 1065 786 1126 retentum
814 1080 857 1126 ao
882 1067 1111 1146 recuperatum
1139 1083 1227 1130 esse.

93 1161 278 1244 Triginta
294 1163 401 1228 millia
416 1162 577 1246 pediturn,
594 1171 738 1246 quatuor
752 1163 901 1244 equitum
914 1162 1058 1226 arbitror
1068 1181 1115 1227 ex
1127 1163 1227 1228 Gam-

96 1264 229 1346 pania
251 1265 356 1330 scribi
378 1270 523 1348 posse.n
566 1264 645 1330 lam
668 1264 825 1350 pecuniae
848 1262 974 1327 affatim
991 1271 1044 1328 est
1057 1265 1227 1330 frumenti.

97 1385 203 1448 que.
249 1367 288 1430 Sl
309 1373 458 1448 patem¹¹
475 1365 613 1430 fortunas
633 1377 758 1429 vestran
773 1363 871 1428 fidem
892 1364 1034 1443 habetis,
1052 1385 1115 1431 nec
1130 1366 1228 1432 Han·

99 1467 220 1532 nibal
231 1487 269 1531 se
282 1469 405 1533 vicisse
421 1469 546 1544 sentiet,
560 1485 620 1532 neo
636 1465 783 1531 Romani
795 1467 908 1531 vietus
922 1486 1010 1530 esse.

159 1570 200 1634 6.
224 1567 340 1636 Hae¹⁴
358 1571 507 1635 oratione
528 1569 678 1634 consulis
699 1569 852 1634 dimissis
870 1568 1149 1652 redeuntibusque
1167 1568 1227 1634 do·

103 1687 215 1734 mum
237 1671 368 1754 legatis,
386 1691 476 1739 unus
495 1672 612 1751 err-iis,
626 1670 755 1737 Vibius
775 1670 948 1743 Virrius,¹⁵
975 1671 1147 1754 ‘Tempus
1170 1691 1226 1736 re·

100 1770 238 1847 nisse:
258 1773 317 1851 ait,
338 1777 432 1857 ‘quo
457 1773 622 1857 Campani
644 1792 709 1838 non
733 1789 849 1854 agrum
864 1772 983 1847 solum,
998 1773 1043 1835 ab
1059 1771 1228 1838 Romanis

104 1873 294 1962 quondam
317 1895 379 1960 per
399 1875 552 1959 injuriam
578 1875 758 1952 ademtam,
775 1891 980 1956 recuperare,
1003 1874 1063 1937 sed
1085 1874 1228 1957 imperio

106 1975 227 2040 etiam
251 1975 361 2040 llaliae
378 1977 480 2059 potiri
494 1977 637 2061 possint.
681 1975 812 2039 Foedus
827 1976 913 2038 euim
929 1993 1004 2038 curn
1020 1975 1226 2052 Hannibale,

109 2075 251 2158 quibus
266 2075 371 2140 velint
385 2077 526 2158 legibus,
538 2075 701 2142 facturos.
738 2075 862 2159 Neque
873 2077 1134 2140 controversiam
1146 2077 1227 2156 fore,

110 2180 220 2261 quin,
234 2197 309 2242 oum
324 2179 397 2263 ipse
411 2179 566 2244 consecto
583 2179 672 2242 bello
682 2177 706 2218 ¹⁶
722 2177 898 2243 Hannibal
909 2178 1018 2242 victor
1030 2179 1065 2242 lu
1077 2177 1227 2244 Africam

112 2277 277 2357 decedat,
297 2281 549 2363 exercitumque
571 2279 736 2364 deportet,
759 2279 869 2344 Italiae
883 2287 906 2328 ¹⁷
927 2279 1104 2364 imperium
1126 2279 1226 2345 Cam·

112 2380 222 2462 panis
247 2381 469 2464 relinquatur!
514 2381 603 2447 Haeo
627 2381 743 2446 Virrio
767 2382 917 2464 loquenti
940 2383 1073 2447 assensi
1097 2401 1227 2460 omnes,

115 2482 172 2547 ila
194 2485 382 2548 renuntiant
402 2483 628 2566 legationem*
650 2483 700 2547 uti
721 2483 870 2548 deletum
887 2485 1044 2549 omnibus
1058 2486 1228 2552 videretur

116 2601 247 2648 nomen
270 2584 470 2650 Romanum.
518 2584 698 2667 Extemplo
725 2586 844 2668 plebes
868 2584 912 2648 ad
936 2585 1159 2650 defectionem
1184 2605 1227 2650 ao

115 2703 206 2770 pars
228 2687 336 2770 major
358 2685 529 2751 senatus¹⁸
553 2693 717 2769 spectare.
764 2683 924 2750 Extracta
944 2695 1065 2764 tamen,
1080 2687 1227 2752 auctori·

154 2895 169 2928 ¹¹
186 2897 309 2950 Nara·
319 2901 448 2964 kgslionb
457 2903 491 2952 ita
501 2901 636 2964 dissignat.

118 3189 177 3240 sere
189 3189 254 3239 Mun.
265 3191 335 3241 nude
345 3193 436 3242 vellem
448 3191 474 3240 id
485 3190 660 3255 recepissem)
678 3189 842 3252 stilpon-ll
860 3187 893 3237 ln
905 3188 958 3237 Mu.
971 3187 1051 3238 Heln.
1062 3191 1128 3240 elude
1138 3191 1227 3242 lim·

119 3271 162 3316 aa,
176 3255 256 3318 quod,
267 3263 389 3320 tanquam
403 3258 544 3319 senonias,
555 3265 582 3302 et
593 3255 758 3303 referendum
768 3253 799 3301 ad
812 3258 893 3301 vestra
902 3251 964 3317 fide,
976 3254 1118 3316 probarunt
1136 3255 1226 3304 Frein-

122 3320 247 3380 shemius,
265 3321 334 3370 Duk.
356 3321 439 3370 vrak.
458 3330 485 3370 rt
503 3321 670 3370 Stroth-12
688 3317 731 3366 lta
747 3333 780 3365 ex
801 3318 983 3366 enreurlations
1005 3317 1085 3379 Llpril
1104 3319 1226 3369 babetur.

121 3383 210 3443 Vulgo
229 3387 255 3433 in
273 3385 338 3433 Mas.
357 3385 474 3434 omnibns
492 3393 519 3435 et
537 3385 604 3434 Edd.
623 3392 685 3433 ante
704 3383 818 3445 Lipsium
830 3396 861 3430 es
873 3381 1003 3444 Campania
1013 3397 1053 3430 nos
1061 3382 1226 3446 scripsisse-—

124 3451 157 3497 18
174 3447 256 3504 Olim,
267 3450 309 3512 qai
318 3449 340 3497 si
350 3463 440 3514 parem.

159 3514 190 3560 14
205 3514 214 3539 ⁴
227 3513 280 3562 Pro
292 3513 348 3562 Hae
359 3512 428 3562 forte
441 3516 492 3578 leg.
503 3512 553 3575 Ab,
564 3513 605 3561 rel
618 3511 657 3562 Ab
676 3509 778 3560 excidit
795 3519 856 3559 ante
875 3516 921 3560 ant
942 3517 1001 3571 post
1019 3509 1094 3560 Hae)
1114 3511 1225 3574 Rupert.

121 3574 404 3639 autoramentum
416 3587 503 3628 monet
514 3577 542 3629 J.
554 3577 585 3627 F.
597 3577 780 3626 Granum—lb
799 3575 840 3624 ΑΙ.
850 3575 939 3624 saltu
953 3573 1046 3625 Virites.
1079 3576 1141 3624 vid.
1162 3576 1226 3628 Not.

122 3639 253 3691 ian—16
270 3641 312 3692 Al.
329 3643 386 3705 qaia
404 3643 453 3706 ipre
472 3643 578 3703 waleno
588 3641 719 3692 bella-li
734 3638 847 3692 Quidam
863 3640 928 3690 Mu·
943 3641 1090 3704 amau
1102 3641 1226 3694 Μία.-

522 3779 524 3789 v
618 3819 727 3872 NOTAE

119 3931 239 3994 ducibus,
251 3942 281 3984 nl
291 3937 434 3986 exereitum
445 3949 519 3986 suum
534 3937 650 3988 inmanis
690 3947 720 3982 ns
737 3932 782 3983 lib.
797 3946 831 3982 rr.
842 3931 1044 3981 inabstinentia
1059 3931 1094 3980 ab
1110 3933 1225 3982 animuli-

119 4009 273 4071 eorporibus
294 4013 364 4060 vesei
380 4010 575 4063 amudaeerets
603 4011 650 4062 sed
689 4007 804 4070 bus‚qni
824 4007 874 4056 boe
894 4005 962 4056 falso
972 4007 1224 4072 Hanniballsserlp·

120 4085 153 4134 ab
174 4099 207 4136 ea
223 4085 380 4136 erudelitate
399 4087 538 4139 sbrolvnut
551 4087 651 4139 Hanni·
692 4093 747 4138 ium
759 4082 849 4132 indii·

120 4159 203 4209 aarum
222 4171 276 4210 ιιιιιι
294 4161 419 4228 rorynan
437 4164 542 4219 ibidem,
560 4167 604 4227 qn
620 4179 652 4214 ω
726 4157 816 4211 ·οιω
833 4157 972 4218 manem
991 4159 1063 4208 eti·-
1089 4162 1156 4220 nde·
1177 4163 1223 4227 nt]

117 4238 226 4288 oonsilio
244 4253 318 4288 usum
337 4248 495 4303 negantum
513 4242 652 4306 Porphyri·
693 4232 831 4298 Tanquam
842 4233 956 4298 pollutos
967 4236 1083 4306 inmanis
1093 4236 1213 4300 dapibus·
