2917 4767
702 364 738 411 'i'-
762 364 858 413 DIVI(

381 526 463 585 egro,
474 524 552 585 sepe
571 505 600 565 in
620 504 786 567 Selinuntio
807 506 954 567 innueris
973 506 1127 568 adversum
1139 506 1250 567 bom
1264 504 1355 565 ordi·

380 603 466 662 nibns
484 610 635 671 mint,
648 602 701 663 vix
722 602 882 681 diqumdo
902 622 1038 683 passuum
1057 612 1280 663 sexcentorum
1306 604 1355 661 in-

380 698 506 758 tervallo
526 697 662 758 diam&
689 697 744 759 sed
769 718 863 777 neque
887 718 939 778 pro
959 698 1047 759 solita
1070 700 1149 779 prius
1173 698 1355 759 alacritate

380 794 512 873 pralium
535 794 672 881 incipere.
696 814 791 874 neque
817 796 934 854 omnino
957 796 986 853 iu
1009 795 1099 875 plana
1121 816 1152 854 se
1173 795 1355 855 demittere

379 894 474 950 tritum
487 892 555 959 rati,
567 890 634 950 loca
646 890 739 951 ardua
750 898 782 951 et
794 891 942 951 inaccessa
953 892 1149 951 oecubnrnn.

418 992 470 1050 47.
492 986 584 1047 Unde
604 987 859 1067 Carthaginienses
876 989 1016 1065 majorem
1037 987 1065 1046 in
1085 985 1205 1045 morisim
1222 983 1351 1047 miin-

289 1132 294 1141 .
378 1084 462 1154 mati,
474 1100 543 1144 cum
563 1092 595 1143 et
613 1082 742 1164 pedestri
760 1083 892 1143 exercitu
905 1086 972 1161 jann
992 1081 1183 1152 confiderent,
1202 1091 1239 1141 et
1263 1082 1351 1141 mani

379 1197 497 1258 quoque
516 1182 643 1261 maJoees
659 1200 682 1239 a
690 1186 863 1259 tcmpnstate
875 1178 1031 1248 Rornania
1043 1196 1133 1257 quam
1144 1197 1184 1236 ex
1197 1176 1349 1237 adversis

293 1306 302 1321 ·
378 1275 486 1354 proeliis
504 1277 560 1335 sibi
582 1273 842 1337 accidisseclodes
856 1272 1035 1353 ⁸iudicarent,
1048 1274 1137 1333 etiam
1150 1272 1282 1332 decretu
1296 1292 1348 1331 se·

378 1364 470 1429 naurs
483 1371 522 1430 de
541 1370 634 1431 clane
654 1369 817 1430 omittenda
837 1370 965 1447 cognito,
979 1370 1069 1448 roeipi
1087 1368 1223 1429 Siciliam
1247 1386 1345 1448 poma
1447 1416 1448 1449 3

376 1475 578 1545 speraverunt,
591 1468 616 1525 si
638 1486 723 1525 novae
736 1486 772 1525 eo
784 1475 931 1525 terrestres
943 1466 1154 1542 maritimaeque
1166 1465 1247 1523 vires
1265 1464 1346 1523 nit·

376 1570 514 1621 tenentur.
569 1561 629 1621 Sed
657 1562 785 1621 maxime
812 1562 1000 1640 pecuniarum
1026 1560 1126 1639 inopia
1152 1561 1341 1639 premebat:

377 1657 514 1737 impensis
532 1657 604 1717 belli
624 1667 686 1717 tam
705 1657 833 1716 diuturni
851 1676 951 1715 omncs
970 1664 1000 1715 et
1019 1654 1089 1715 olim
1102 1654 1289 1725 reconditas,
1306 1662 1342 1714 et

215 1764 365 1843 Appianrp.
377 1772 444 1832 quor
462 1754 592 1833 quotidie
609 1754 790 1831 cogebantur
806 1772 877 1832 opes
896 1751 1103 1811 haurientibus.
1148 1750 1230 1827 Ergo
1247 1750 1337 1829 lega-

214 1830 366 1881 Fffl'·U”¹¹¹·
377 1850 414 1908 tis
431 1850 470 1909 ad
487 1850 684 1911 Ptolemaeum
699 1848 823 1929 AEgypti
841 1869 949 1927 regem,
964 1868 1090 1926 quocum
1108 1848 1240 1906 amicitia
1258 1847 1338 1927 ipsis

376 1955 449 2016 erat,
461 1947 564 2016 missia,
574 1946 634 2006 duo
645 1944 739 2005 miliia
747 1942 877 2005 talenta*
890 1942 1019 2024 pecumae
1030 1952 1137 2002 mutuae
1147 1942 1332 2023 petiverunt.
1447 1974 1448 1989 .

376 2039 460 2113 Rex,
473 2043 525 2120 qui
543 2040 707 2111 Romanu,
719 2050 753 2102 et
765 2042 842 2123 ipsos
854 2040 963 2101 amicos
974 2038 1125 2117 sociosque
1138 2045 1217 2107 suos,
1232 2037 1335 2097 offen·
1447 2050 1448 2059 ¹

374 2134 444 2195 dere
464 2136 567 2206 nollet,
581 2138 663 2216 pacis
682 2144 831 2196 auctorem
850 2143 938 2214 atque
955 2135 1100 2214 pararium
1118 2132 1250 2212 utrisque
1264 2152 1333 2193 ⁸0⁸0

373 2229 498 2290 obtulit:
518 2230 569 2289 ssd
584 2250 614 2289 re
624 2230 731 2289 fruens
743 2238 868 2301 tentata,
879 2230 1051 2309 petitionem
1062 2248 1145 2288 suem
1154 2227 1262 2288 Poenis
1274 2228 1332 2288 de·
1447 2260 1448 2263 ¹

366 2325 503 2401 'regemn
527 2326 662 2385 ‘amicos
682 2325 838 2385 adversum
860 2326 968 2396 hostes,
991 2343 1049 2385 non
1073 2324 1227 2384 adversum
1252 2320 1332 2383 alios
1447 2338 1448 2363 t

372 2419 483 2477 amicos
495 2419 551 2478 sibi
564 2418 750 2499 adjuvandos
764 2420 869 2481 videri'
881 2420 1030 2501 prefatus.

227 2531 334 2600 narb.
412 2520 463 2574 48.
484 2512 548 2575 Sub
570 2535 608 2574 ea
629 2525 763 2595 tempora
787 2514 896 2575 Romae
918 2515 966 2577 Ti.
989 2514 1190 2575 Coruncanius
1214 2516 1329 2595 primus

210 2616 291 2649 xvm.
372 2628 410 2669 ex
430 2608 517 2688 plebe
536 2608 671 2689 pontifex
693 2610 839 2667 maximus
850 2610 946 2670 sectis
957 2620 1011 2670 est.
1054 2608 1199 2669 Censores
1211 2610 1236 2669 is
1248 2632 1326 2689 quo-

210 2713 359 2779 Futtcspir.
371 2722 430 2783 que
450 2723 543 2765 annua
563 2704 676 2773 hebuit,
697 2703 778 2782 quod
801 2704 902 2763 munic
923 2705 1106 2781 magistratus
1129 2704 1202 2780 ejus,
1227 2704 1325 2766 altero

370 2820 489 2860 censore
510 2809 635 2871 mortuo,
655 2798 749 2859 altero
769 2798 937 2869 abdicante,
959 2800 1059 2879 peragi
1079 2818 1155 2859 anno
1175 2800 1325 2879 superiore

370 2916 430 2955 non
451 2903 615 2975 potuerant.
667 2894 723 2954 Μ’.
747 2893 886 2954 Valerius
905 2894 953 2954 M.
973 2894 1008 2953 F.
1031 2893 1078 2953 M.
1101 2894 1145 2953 N.
1168 2894 1326 2956 Maximus

371 2990 527 3063 Messalla,
548 2990 589 3049 P.
611 2989 800 3070 Sempronius
820 2988 862 3049 P.
882 2988 918 3050 F.
937 2988 979 3050 P.
1000 2988 1045 3051 N.
1067 2988 1181 3070 Sophus
1198 2989 1323 3051 lustrum

369 3086 524 3166 septimum
545 3094 634 3165 atque
654 3086 831 3145 tricesimum
843 3084 1045 3145 condiderunt
1088 3084 1135 3144 Eo
1152 3104 1240 3144 censa
1252 3094 1324 3145 aunt

224 3200 335 3265 ItvAEp.
369 3183 469 3260 capita
488 3182 597 3240 civium
617 3180 746 3240 ducents
768 3180 928 3257 nonaginta
950 3190 1062 3259 septem
1085 3178 1189 3251 millia,
1210 3182 1320 3260 septin·

206 3282 287 3315 ¹'¹¹¹·
370 3284 458 3353 genta
478 3276 639 3351 nonaginta
657 3284 781 3354 septem.
821 3274 926 3335 Tristis
945 3278 1009 3335 berc
1029 3285 1060 3335 et
1079 3296 1181 3337 severa
1195 3296 1320 3337 censura

222 3394 278 3443 va
290 3370 442 3440 mhfuit:
462 3372 493 3429 in
513 3378 616 3429 senatu
636 3369 825 3441 recensendo,
838 3371 978 3431 tredecim
994 3372 1083 3431 moti:
1100 3372 1225 3449 juvenes
1244 3392 1319 3451 qua·

208 3472 240 3505 ¹¹·
251 3460 311 3505 Μ·
366 3464 513 3541 dringenti
532 3463 656 3523 ademtis
668 3464 752 3543 equis
768 3464 895 3545 publicis
911 3468 1005 3527 aerarii
1019 3466 1108 3527 facti:
1129 3467 1186 3527 boc
1199 3466 1320 3546 quidun

366 3558 405 3618 (J.
427 3558 546 3619 Aurelii
568 3559 696 3619 consnlis
715 3560 836 3639 querela
858 3560 1006 3631 effecerat,
1029 3582 1127 3623 coram
1148 3563 1319 3624 ceumribus

366 3655 525 3733 apsentis,
540 3664 549 3693 ⁶
564 3653 645 3735 quod
666 3656 696 3714 in
714 3655 829 3727 Sicilia,
843 3676 910 3715 cum
923 3658 1079 3717 nscwitus
1092 3657 1264 3738 postularet,
1277 3656 1317 3719 ad

203 3764 439 3830 Fmrzuaaopus
450 3751 526 3828 jussi
547 3750 699 3821 accedere,
719 3752 875 3831 imperium
895 3752 1154 3817 detrectavisseut'
1192 3752 1317 3826 Conari,

114 3917 121 3930 Ι
203 3844 241 3879 “’·
253 3834 277 3880 ¹·
365 3866 403 3905 ne
423 3847 480 3908 bne
498 3846 620 3926 quidem
632 3855 738 3927 spretor
750 3845 912 3927 discipline
928 3849 1037 3910 ultione
1049 3856 1213 3919 contentus,
1226 3850 1317 3909 etiem

365 3940 445 4021 apud
467 3940 575 4002 Patres
593 3942 731 4013 obtinuit,
750 3962 787 4001 ne
805 3944 847 4002 eis
864 3945 1010 4022 praeterita
1028 3961 1086 4004 aera
1106 3940 1318 4024 praesuaserat
1447 4030 1448 4035 η

346 4097 353 4103 ’
397 4114 483 4194 *Deo
499 4119 577 4171 arur
592 4118 696 4183 tutata]
718 4120 823 4173 Maroae
857 4118 924 4182 reat]
938 4114 1010 4197 ‘Hinc
1023 4120 1314 4193 uamsruntFrontiub

365 4184 825 4311 ''t‘r'i{¹.2·¹.⁰⁸³,52222}.⁸⁷.⁶.⁰.⁰;.3532.
859 4186 1315 4305 utu:t¹t‘.trttt.t³'.⁰.¹¹.⁰.tt
