2917 4767
354 342 461 389 eruar
486 342 559 390 xrr.
583 340 910 394 surrnuusnrurr.
1116 332 1203 400 142:

82 492 150 543 sunt
170 483 272 553 litem
289 494 348 545 ‘ut
371 488 483 546 omissis
502 488 694 568 presentibus
713 498 811 549 cmtra
830 491 860 549 in
876 489 1039 551 Tarentino
1051 511 1188 577 Appiana

82 598 154 657 agro
167 590 297 660 poneret,
312 590 360 653 et,
372 584 428 642 nisi
440 583 478 641 de
492 582 581 643 illatis
594 586 689 662 injuri
717 585 900 645 satisfaceret
912 588 1039 667 populus
1050 610 1160 661 zonam.

81 672 264 747 Tarentinus,
279 698 355 737 eum
364 681 448 756 justo
461 680 570 759 pioque
582 679 664 739 bello
677 682 917 761 persequeretur?

120 780 167 831 ll.
187 770 366 845 Tarentini,
393 794 451 835 uon
473 774 599 854 amplius
620 794 688 835 cum
701 777 803 855 paucis
828 786 860 836 et
880 776 1036 836 inermibus

80 866 254 938 hominibus,
268 870 328 929 sed
352 872 494 930 instructo
512 872 644 931 exercitu
665 873 812 949 negotium
828 872 884 931 sibi
906 872 1038 932 futurum

79 983 136 1022 me
148 974 322 1036 cernentes,
338 975 481 1045 tanquam
494 986 531 1025 ex
545 966 683 1026 diutuma
689 966 812 1047 crapula
823 967 1036 1048 expergefacti,

74 1060 135 1136 jam
160 1060 238 1119 serio
265 1062 345 1139 quid
374 1061 541 1121 faciundum
568 1070 645 1122 esset
669 1062 895 1122 consultabant:
926 1062 1036 1123 bellum
1050 1072 1184 1138 Appianas.

79 1156 208 1235 accipere
223 1158 450 1235 periculosum:
474 1158 616 1237 imperata
629 1157 727 1217 iacere
743 1158 849 1217 servile
862 1159 1035 1219 videbatur:

77 1268 170 1328 nsque
192 1253 285 1311 vitari
309 1262 466 1333 utrumque
488 1261 613 1333 poterat.
657 1253 850 1313 Variantibus
862 1256 950 1333 igitur
968 1276 1035 1315 sen·

78 1348 187 1416 mauu,
208 1366 376 1427 exsurgens
393 1348 525 1427 quidam,
539 1347 643 1415 ‘Quid
662 1348 770 1409 frosm
785 1349 849 1409 dies
864 1350 1035 1411 altercando

75 1441 218 1513 terimus‚'
238 1445 353 1523 inquit,
380 1444 574 1504 ‘Tarentinil
616 1444 773 1503 Venerunt
798 1454 941 1526 tempora,
966 1466 1034 1525 qum

79 1534 156 1595 lucta
175 1540 272 1617 magis
297 1560 387 1619 quam
407 1540 499 1600 verbs
521 1540 685 1619 postulent:
715 1539 768 1599 sed
789 1541 828 1599 ad
846 1562 914 1621 quae
926 1560 965 1601 ex
978 1561 1033 1601 usu

80 1632 195 1708 publico
222 1635 461 1695 administranda
483 1635 612 1695 consiliis
637 1637 724 1696 rectis
750 1656 825 1716 opus
849 1638 898 1707 sit,
925 1648 957 1696 et
981 1656 1032 1697 ore

82 1726 180 1787 libero.
221 1730 340 1809 Neque
365 1750 436 1790 saue
461 1750 590 1801 moveor,
626 1731 706 1811 quod
733 1732 859 1791 antehac
884 1734 1032 1792 communi

81 1823 209 1900 quodam
234 1825 395 1886 liberarum
420 1827 572 1886 civitatum
600 1829 712 1897 morbo,
737 1826 824 1886 dictis
846 1827 886 1886 ad
908 1829 1031 1906 padam
1056 1840 1195 1903 t'aetogaex

82 1922 262 1999 compositis,
275 1922 389 1981 etiamsi
402 1922 504 1981 crebro
525 1930 675 1991 nocerent,
698 1923 768 1980 estis
788 1922 948 1981 oblectati:
968 1932 1032 1981 tum
1046 1903 1196 2017 {fmilb'

83 2016 168 2085 enim,
182 2023 216 2075 ut
228 2016 266 2077 fit
284 2019 360 2078 inter
370 2039 418 2078 res
431 2036 595 2099 prosperas,
613 2016 684 2096 quid
699 2017 879 2097 potissimum
892 2018 1032 2097 reipubli-

84 2128 123 2168 cae
135 2111 327 2185 conduceret,
341 2134 444 2195 parum
460 2112 749 2173 animadvertebstis.
790 2112 860 2171 Jam
882 2122 979 2173 antem
1001 2116 1031 2174 iu

84 2204 186 2267 linibus
206 2211 315 2269 nostris
336 2212 483 2269 exereitus
503 2208 670 2278 Romanus,
693 2216 724 2268 et
744 2217 813 2268 aute
835 2209 912 2288 ipsus
932 2220 1032 2290 portas

86 2300 192 2363 hostilis
210 2316 307 2366 terror
328 2315 390 2366 est:
420 2326 456 2365 eo
477 2305 614 2383 magistro
628 2304 779 2384 profutura
787 2305 929 2383 jucundis
941 2305 1030 2369 facile

85 2397 194 2459 discetis
208 2411 400 2481 anteponere.

121 2500 169 2555 tu.
199 2498 339 2576 ‘Neque
365 2498 407 2557 sic
436 2495 599 2576 accipietis,
633 2502 775 2573 tanquam
803 2498 1031 2576 exprobraturus

86 2592 224 2667 preterita
262 2595 457 2653 surrexerim:
493 2609 561 2650 nam
595 2598 723 2649 veterem
758 2592 876 2669 quidem
911 2593 1029 2673 culpam

88 2684 282 2768 intempestive
297 2690 438 2768 objicere,
453 2686 562 2746 inimici
580 2695 611 2744 et
626 2685 728 2746 alienis
741 2688 884 2745 erroribus
895 2690 1028 2767 petulan-

86 2788 124 2840 ter
140 2784 306 2844 insultantis
329 2785 419 2843 animi
443 2791 506 2842 est:
529 2782 612 2862 probi
633 2782 687 2841 riri
709 2791 741 2841 ct
753 2780 856 2841 salutis
868 2786 1030 2842 communis

87 2878 211 2949 surdiori,
232 2888 358 2961 peccata
381 2879 508 2938 civitatis
528 2888 636 2955 tegere,
662 2886 714 2935 aut
737 2896 879 2935 excusare
904 2878 1028 2948 malunt,

87 2974 136 3032 nisi
151 2978 262 3055 quoties
276 2977 316 3036 ad
332 2975 530 3035 calamitatem
541 2971 689 3052 publicam
699 2972 895 3031 amoliendam
909 2984 1027 3052 prater·

87 3068 182 3132 iturum
203 3074 380 3133 offensarum
403 3070 566 3131 recordatio
594 3067 704 3146 grande
732 3077 910 3127 momentum
929 3070 1028 3129 habet.

88 3164 159 3228 Num
173 3170 212 3229 ab
226 3188 323 3227 errore
337 3166 457 3245 quidem
470 3166 560 3235 omui,
574 3164 706 3225 homines
724 3182 791 3222 cum
804 3163 903 3233 simus,
924 3164 1028 3224 immu-

88 3282 130 3323 nes
149 3266 252 3325 haberi
277 3262 365 3334 velle,
385 3262 505 3322 nimium
526 3270 557 3321 et
577 3262 754 3340 superbum:
775 3260 827 3319 sed
848 3259 887 3319 ad
902 3262 1028 3321 eundem

87 3357 202 3440 lapidem
216 3361 321 3421 crebro
334 3360 504 3439 impingere,
518 3374 613 3436 neque
634 3357 740 3417 saltem
756 3366 862 3416 eventu
880 3359 1027 3417 temerita-

86 3465 135 3516 tem
146 3459 310 3535 castigante
324 3456 362 3517 ad
377 3456 542 3515 cautionem
556 3452 675 3523 erudiri,
691 3453 719 3511 id
734 3472 804 3511 vero
811 3455 878 3531 jam
886 3454 935 3513 rix
951 3456 1027 3514 bene

14 3587 15 3619 ,
85 3550 233 3613 hommum
246 3562 301 3613 est.
344 3552 398 3611 Ad
411 3552 496 3610 unius
509 3548 632 3609 hominis
649 3567 752 3608 rocem
768 3568 857 3608 nares
874 3548 1027 3610 Romanas

14 3628 18 3678 l
86 3648 284 3731 depressimus:
306 3668 376 3709 mox
398 3647 535 3717 Thurios,
552 3656 708 3723 cognatam
724 3654 852 3723 gentem,
873 3646 1027 3706 hostilibus

14 3733 17 3848 l
84 3746 150 3807 odiis
173 3747 358 3814 vexavimus,
386 3744 465 3823 quod
491 3745 530 3802 ab
557 3741 703 3802 Romanis
732 3740 863 3811 delendi,
890 3762 980 3821 quam
1007 3758 1027 3799 a

16 3850 18 3938 p*
85 3840 200 3903 Lucanis
222 3842 409 3921 Bruttiisque
430 3840 518 3920 diripi
538 3838 719 3898 maluerunt:
742 3836 855 3915 legatos
870 3837 1024 3895 Romano-

14 3992 16 4020 ,
84 3958 136 3999 rum
148 3961 199 4022 per
207 3938 415 4020 turpemdictu
425 3935 632 3997 contumeliam
641 3932 745 3995 violari
753 3933 881 3992 mlimns.
904 3932 1023 3991 Bellum

84 4035 167 4113 igitur,
181 4056 243 4117 quo
256 4052 359 4095 carere
371 4034 528 4115 potuimus,
542 4040 572 4093 et
589 4044 678 4111 grave
696 4030 820 4099 bellum,
834 4037 866 4087 et
879 4028 1021 4108 periculo·
1034 4054 1099 4103 flor.
1109 4068 1128 4101 ι,
1146 4058 1186 4104 1⁸.

84 4152 144 4205 sun,
156 4143 187 4193 et
199 4130 404 4213 improvisum,
419 4128 594 4189 alienissimo
612 4136 743 4207 tempore
755 4132 854 4185 nostro
866 4134 1022 4185 attmotum

16 4278 21 4510 l

17 4533 21 4686 l
