2917 4767
224 313 314 378 1554

225 471 310 519 Zoner.

225 568 312 631 Polyb.

226 664 311 712 Zonar.

700 325 736 375 Τ.
762 325 857 373 LlVll

430 475 480 528 10.
501 467 580 528 Post
591 468 668 528 hano
680 468 833 529 victoriam
848 466 1016 539 Messanam
1030 466 1135 525 reversi
1150 485 1263 546 paucos
1274 464 1353 525 dies

389 565 514 623 navibus
525 564 748 642 hominibusque
770 560 944 633 reficiendis,
957 570 989 621 et
1005 561 1138 641 ampliori
1158 563 1353 621 commeatui

390 658 521 738 parando
533 659 688 718 dederunt.
710 658 795 718 Inter
807 677 880 737 quos
891 656 1049 717 Hamilcar
1061 677 1128 716 11111
1143 656 1286 715 Africam
1301 657 1350 715 ab

390 754 537 814 Romania
557 753 633 813 adiri
652 754 839 815 vehementer
866 752 968 822 nollet,
995 753 1147 831 prohibere
1166 772 1237 811 vero
1256 753 1288 810 vi
1314 761 1353 810 et

390 850 478 909 111111
489 870 548 909 uon
560 858 669 929 ponet,
693 849 733 908 ad
751 848 835 907 dolos
847 869 877 907 se
898 848 1041 916 contulit;
1065 848 1208 926 missoque
1228 846 1270 905 ad
1291 867 1352 905 eos

391 964 443 1024 per
454 964 574 1004 causam
584 944 721 1025 petendae
734 944 816 1025 pacis
829 943 981 1003 Hannone
989 950 1104 1022 tempus
1111 943 1267 1001 extrahere
1278 954 1350 1002 sat-

391 1042 463 1117 egit,
486 1040 580 1101 donec
597 1041 702 1121 copia,
721 1060 796 1119 quaa
814 1038 994 1117 Carthagine
1015 1040 1072 1097 sibi
1093 1038 1169 1097 mitti
1190 1040 1349 1117 sperabat,

392 1135 587 1195 advenissent
629 1135 745 1195 Hanno
763 1153 830 1195 oum
842 1134 883 1193 ad
901 1133 1035 1193 consules
1055 1134 1234 1203 accessisset,
1257 1133 1350 1191 audi-

392 1239 494 1309 retque
514 1252 601 1291 voees
622 1230 719 1290 ‘idem
733 1232 763 1289 in
782 1229 865 1289 illum
878 1230 1064 1289 statuendum
1084 1228 1162 1287 esse'
1183 1228 1348 1287 clamitan-

393 1326 477 1394 tium,
500 1325 600 1404 ‘quod
613 1328 716 1405 quinto
728 1335 797 1385 ante
812 1345 888 1385 anno
902 1328 931 1384 in
947 1324 1004 1383 Cn.
1022 1324 1192 1383 Cornelium
1213 1323 1349 1383 Asinam

393 1420 543 1479 consulem
566 1420 654 1481 Poeui
674 1422 927 1499 designavissent'
953 1430 1050 1481 astuto
1070 1438 1206 1500 responso
1229 1420 1350 1497 pericu-

394 1514 456 1573 lum
469 1515 644 1574 intentatum
657 1516 764 1575 elusit:
788 1526 796 1552 ‘
811 1516 883 1576 Hoc
903 1517 995 1586 vero,'
1018 1516 1123 1595 inquit,
1144 1516 1188 1573 ‘si
1202 1513 1347 1583 feceritis,

390 1612 457 1689 jara
469 1611 563 1670 nihilo
574 1612 655 1671 eritis
664 1611 749 1671 Afris
756 1611 890 1671 meliores
901 1612 920 1669 :’
940 1611 1096 1690 statimque
1109 1609 1242 1670 consules
1256 1630 1349 1670 exce-

397 1724 466 1783 pere
491 1726 664 1776 samonem,
685 1716 783 1765 tacere
798 1706 898 1785 jussis,
920 1707 971 1785 qui
990 1705 1177 1766 vinciendum
1195 1705 1349 1775 dixerant,

250 1824 307 1871 vn,
318 1822 386 1872 Mu,
396 1802 628 1880 conveniensque
651 1801 798 1861 Romanae
817 1801 912 1879 gentis
932 1802 1071 1879 gravitati
1092 1820 1151 1861 vox
1164 1800 1268 1860 audita
1279 1810 1347 1860 eat:

235 1902 272 1939 vl.
282 1893 308 1937 Cr

398 1894 482 1955 ‘Isto
495 1905 526 1955 te
539 1905 630 1967 metu,
645 1895 771 1965 Hanno,
785 1895 860 1955 fides
873 1896 1002 1956 civitatis
1014 1905 1120 1955 1111111
1134 1896 1261 1957 liberat'
1297 1892 1350 1955 De

397 2011 483 2072 paee,
497 1994 570 2071 quia
582 2012 678 2071 neque
691 1992 804 2051 Poenus
816 1993 891 2051 serio
909 1992 1029 2070 agebat,
1042 1992 1233 2071 consulesque
1250 1992 1349 2051 victo·

397 2088 472 2147 11111
484 2106 574 2166 quam
586 2107 690 2166 pacem
708 2087 870 2156 malebant,
883 2086 991 2145 frustm
1008 2088 1151 2164 agitatum
1164 2096 1218 2145 est.
1259 2085 1349 2147 Atri-

314 2232 321 2247 .
398 2201 503 2241 111111
517 2182 604 2257 igitur
616 2180 836 2260 expeditionem
847 2182 958 2241 diutius
970 2180 1080 2241 differri
1091 2202 1149 2241 non
1163 2181 1286 2261 placuit.

439 2283 489 2334 11.
512 2274 623 2353 Neque
643 2276 732 2333 Poeui
752 2274 842 2335 duces
858 2276 1007 2346 obstitere,
1029 2296 1200 2355 quanquam
1219 2277 1296 2335 inter
1317 2296 1351 2335 se

399 2370 617 2430 constituimur
629 2370 760 2448 quietum
775 2372 828 2429 iter
840 2371 917 2430 hosti
930 2391 988 2430 non
1000 2372 1172 2442 concedere,
1185 2372 1237 2431 sed
1250 2371 1350 2431 direr-

400 2465 489 2523 siser
511 2464 644 2543 partibus
655 2484 775 2543 carpere
788 2466 972 2545 morarique:
992 2474 1121 2525 ceterum
1144 2465 1297 2527 Hannone
1310 2468 1351 2527 ad

239 2572 390 2637 Polybnec.
402 2560 654 2638 praemuniendam
672 2558 883 2636 Carthaginem
905 2560 1071 2631 festinante,
1087 2561 1257 2633 Hamilcar,
1276 2563 1351 2621 nihil

403 2674 519 2713 movere
532 2674 630 2724 ausus,
648 2652 808 2713 Heracleae
825 2676 855 2713 se
872 2658 1033 2717 continuit:
1055 2678 1145 2717 naves
1160 2658 1309 2717 1111111111
1320 2670 1353 2717 11

403 2751 442 2810 ab
455 2750 587 2809 hostibus
599 2757 630 2809 et
643 2769 663 2808 a
675 2758 849 2828 tempestate
863 2760 1001 2830 pacatum
1014 2753 1068 2812 iter
1080 2752 1253 2812 habuerunt.
1282 2752 1351 2813 Ne-

241 2858 374 2910 1111111.
403 2866 461 2924 que
482 2845 647 2914 defuerant,
669 2844 721 2923 qui
743 2844 933 2924 longinquam
955 2848 1181 2924 navigationem,
1202 2858 1233 2908 et
1244 2848 1353 2909 hostile

402 2940 495 3011 littus,
509 2944 664 3021 ipsumque
677 2939 793 2999 Africae
811 2960 916 3000 nomen
929 2942 1177 3011 exhorrescerent,
1191 2952 1260 3003 ante
1272 2954 1352 3003 cete-

403 3056 450 3097 ros
463 3037 616 3116 imperium
631 3035 815 3095 detrectante
833 3037 950 3097 tribuno
968 3037 1093 3097 militum
1113 3038 1248 3098 Mannio.
1291 3038 1354 3099 Sed

404 3131 543 3219 adversus
563 3133 641 3191 hunc
653 3132 697 3190 ita
709 3133 820 3190 exarsit
833 3120 979 3209 Regulus,
1000 3142 1034 3191 ut
1052 3134 1149 3211 virgas
1171 3136 1354 3215 1111111111

404 3227 598 3294 minitaretur,
612 3228 642 3283 ni
656 3228 809 3305 paruisset.
853 3226 904 3287 Ita
911 3228 1029 3287 demum
1042 3229 1201 3307 prestitum
1210 3238 1256 3288 est
1268 3230 1354 3289 obse-

405 3320 507 3398 quium
519 3320 644 3391 consuli,
658 3318 901 3399 formidinemque
915 3323 1074 3399 navigandi
1088 3326 1204 3404 pmpior
1216 3334 1248 3384 et
1260 3327 1356 3404 major

249 3440 397 3503 Polybm,
407 3423 501 3473 metus
513 3414 637 3493 expulit
681 3414 855 3475 Hermaeum
873 3422 1068 3497 promontorio
1081 3440 1184 3479 nomen
1202 3431 1258 3491 est,
1274 3422 1356 3501 quod

408 3509 503 3568 asinu
517 3510 706 3589 Carthaginis
721 3511 751 3569 in
772 3531 852 3570 mare
870 3512 1003 3572 Siculum
1025 3514 1085 3573 late
1105 3517 1267 3594 procurrit:
1287 3536 1354 3575 eam

408 3624 490 3665 oram
508 3606 609 3686 primae
631 3606 834 3667 Romanorum
854 3628 943 3668 naves
961 3618 1127 3671 tenuerunt.
1175 3610 1225 3670 lbi
1243 3614 1356 3692 paulis·

409 3721 461 3779 per
473 3710 629 3780 expectato
642 3702 738 3762 donec
750 3712 813 3763 tota
826 3704 925 3764 classis
938 3707 1131 3776 convenisset,
1145 3704 1227 3766 littus
1240 3709 1356 3768 Africae

409 3801 591 3878 praetervecti
603 3800 737 3861 consules
757 3800 795 3859 ad
811 3801 956 3881 Clupeam
969 3803 1070 3862 urbem
1083 3822 1249 3882 pervenere.
1292 3804 1357 3865 Η11

410 3893 540 3970 legiones
552 3895 785 3975 expositasunt,
809 3898 989 3976 navibusque
1012 3898 1041 3957 11
1060 3906 1175 3977 portum
1193 3898 1356 3972 subductis,

410 3989 524 4049 vallum
539 4010 575 4050 11
595 3990 682 4063 fossa,
704 4011 765 4071 quo
785 3994 906 4051 tutiores
925 4002 1031 4063 essent,
1052 3992 1256 4054 circumdata:
1278 3996 1357 4070 urbs,

411 4084 485 4162 quie
491 4084 670 4149 deditionem
678 4086 837 4163 abnuebat,
848 4088 975 4165 obsessa,
983 4088 1139 4170 statimque
1148 4099 1229 4151 metu
1236 4090 1356 4167 civium,
