2917 4767
265 354 351 422 1958
731 372 767 418 r.
792 372 886 420 nrvu
1444 284 1447 489 1

264 536 349 581 usus
363 522 442 581 erat.
487 516 570 580 Inde
586 517 728 599 primum
751 517 848 582 saxis
864 516 1070 601 sudibusque
1090 525 1124 583 ct
1148 519 1281 583 ceteris
1296 519 1369 581 mis·
1445 518 1446 541 ³

264 617 381 682 silibns
412 625 679 699 propugnatores
708 620 837 682 moenia
867 627 969 702 atque
997 621 1135 684 urbem¹
1169 621 1370 684 tuebantur:
1446 634 1448 691 l

264 724 447 800 postremo,
467 718 526 781 ubi
550 719 777 800 promovendo
800 719 989 802 adjunctam
1013 741 1109 785 muro
1126 721 1293 786 viderunt
1308 729 1372 784 tur·

263 839 342 894 rem,
356 818 488 885 facibus
505 819 700 883 ardentibus
714 820 894 901 plurimum
905 823 1005 886 simul
1017 824 1126 903 ignem
1137 823 1372 906 conjecerunt.

265 919 345 999 Quo
365 921 520 985 incendio
540 921 671 1004 trepida
693 930 896 988 armatorum
915 924 1092 990 multitudo
1112 944 1189 988 cnm
1212 923 1255 987 de
1280 929 1372 988 turre
1447 982 1448 1011 3

264 1042 339 1088 sese
354 1021 591 1104 praecipitaret,
615 1023 746 1104 eruptio
759 1041 806 1084 ex
821 1023 951 1106 oppido
971 1024 1073 1087 simul
1088 1022 1219 1088 duabus
1232 1024 1373 1106 portis¹

264 1127 427 1190 stationes
453 1125 594 1187 bostium
622 1122 708 1188 ludit
733 1124 932 1209 fugavitque
955 1127 989 1190 in
1018 1132 1148 1207 castra3
1177 1135 1216 1190 ut
1240 1147 1288 1190 eo
1315 1126 1372 1191 die

264 1229 417 1302 obsesso,
441 1245 543 1310 quam
557 1224 736 1300 obsidenti,
758 1225 898 1290 similior
911 1234 1001 1292 esset
1015 1226 1156 1292 Poenus.
1200 1226 1255 1290 Ad
1275 1228 1373 1290 mille

265 1329 424 1392 trecenti³
456 1326 774 1408 Carthaginiensium
803 1329 898 1405 caesi,
936 1335 970 1392 et
997 1329 1265 1411 undesexaginta
1299 1328 1372 1392 visi

264 1431 373 1511 capti3
396 1430 466 1512 qui,
486 1429 578 1493 circa
600 1447 712 1492 muros
734 1437 769 1496 et
792 1429 829 1493 in
847 1431 1051 1496 stationibus
1072 1431 1183 1494 solute
1203 1430 1373 1511 nenegli-

264 1538 378 1610 genter
392 1538 543 1610 agentes,
563 1549 639 1594 curu
656 1529 739 1593 nihil
754 1532 877 1606 minus,
902 1547 1002 1621 quam
1018 1532 1238 1614 eruptionem,
1264 1533 1373 1601 timu-

264 1632 382 1709 issent,
411 1651 454 1695 ex
477 1630 659 1713 improviso
683 1632 837 1714 oppressi
853 1632 1010 1705 fuerant*v
1053 1632 1229 1698 Gracchus
1254 1637 1372 1715 prins,

266 1753 365 1817 quarn
389 1753 426 1796 se
447 1733 562 1796 hostes
581 1734 623 1797 ab
644 1734 822 1816 repentino
837 1753 965 1817 pavore
984 1735 1187 1817 colligerent,
1210 1735 1373 1816 receptui

264 1836 394 1916 signum
422 1833 523 1911 dedit,
548 1853 589 1900 ac
614 1854 696 1899 suos
720 1835 808 1900 intra
825 1854 939 1900 muros
961 1837 1102 1920 recepit.
1146 1834 1292 1899 Postero
1313 1835 1374 1899 die

265 1935 446 2014 Hannibal,
461 1936 599 2001 laetum⁵
615 1938 766 2002 secunda
779 1947 834 2003 ret'
849 1939 1017 2004 consulam
1027 1938 1124 2020 justo
1139 1937 1255 2020 proelio
1271 1945 1373 2000 ratus

264 2042 477 2116 certaturum,
495 2039 603 2102 aciem
615 2035 701 2102 inter
715 2045 826 2103 castra
840 2044 942 2121 atque
955 2040 1073 2102 urbem
1085 2037 1254 2100 instruxit.
1301 2036 1373 2101 Co·

264 2145 370 2202 terum
386 2147 564 2222 postquam
586 2141 749 2204 neminem
770 2141 896 2204 moveri
915 2139 961 2203 ab
980 2139 1082 2204 solita
1100 2137 1257 2203 custodia
1273 2139 1372 2202 urbis

264 2239 357 2315 vidit,
377 2257 437 2302 nec
464 2241 629 2304 committi
655 2239 838 2322 quicquam
865 2240 1052 2304 temerariae
1074 2237 1162 2321 spei,
1184 2237 1227 2300 ad
1251 2236 1372 2302 Tifata

263 2339 349 2402 radit
364 2339 485 2404 infecta
501 2358 547 2401 ra.
593 2338 729 2418 Quibus
745 2341 865 2404 diebus
880 2339 997 2404 Cumas
1011 2339 1165 2402 liberatae
1180 2344 1261 2401 sunt
1275 2339 1371 2403 obsi·

264 2440 374 2517 dione,
395 2441 514 2506 iisdem
535 2440 675 2505 diebus⁶
699 2450 733 2506 et
752 2443 786 2505 in
810 2443 959 2506 Lucanis
978 2441 1024 2505 ad
1043 2440 1287 2506 Grumentumr
1311 2441 1370 2506 Ti.

265 2543 494 2625 Sempronius,
529 2541 585 2606 cui
615 2541 734 2624 Longo
762 2561 945 2624 cognomen
975 2548 1059 2619 erat,
1090 2562 1166 2608 curn
1196 2541 1369 2606 Hannone

265 2644 376 2709 Poeno
399 2664 557 2729 prospere
583 2650 718 2730 pugnat.
763 2645 875 2728 Supra
898 2644 967 2708 duo
985 2644 1094 2708 millia
1117 2643 1287 2707 bostium⁷
1309 2663 1370 2708 oc·

265 2747 357 2824 cidit,
377 2757 411 2812 et
432 2747 593 2812 ducentos
608 2747 781 2827 octoginta
794 2745 918 2809 milites
933 2745 1069 2810 amisitz
1090 2745 1186 2826 signa
1206 2743 1370 2808 militaria

265 2848 309 2912 ad
325 2849 544 2931 quadraginta
558 2867 657 2912 unum
670 2848 772 2930 cepit.
802 2845 930 2911 Pulsus
941 2846 1065 2911 linibus
1078 2845 1226 2910 Lucanis
1238 2845 1369 2910 Hanno

264 2955 354 3014 retro
367 2951 401 3013 in
420 2950 571 3015 Bruttios
592 2968 667 3014 sese
681 2948 816 3030 recepit.
859 2947 904 3012 Et
917 2968 963 3013 ex
978 2947 1134 3032 Hirpinis
1148 2947 1279 3030 oppida
1292 2947 1368 3024 tria,

715 3125 901 3146 ΜΜΙΟΙ

263 3263 310 3308 -l
328 3257 370 3308 nt.
390 3261 577 3322 propugnatores
597 3259 678 3308 urbem
695 3274 724 3307 nc
742 3258 887 3307 munim—²
911 3256 1064 3318 Addsaetu
1083 3256 1150 3308 Edd.
1167 3262 1229 3306 aute
1251 3258 1369 3307 nuk.—

264 3328 280 3372 b
299 3325 399 3373 CCCC.
420 3323 487 3373 Edd.
507 3330 567 3373 ante
586 3323 702 3372 Gronov.
723 3328 839 3372 beemtm
858 3322 973 3373 Gronov.
988 3323 1096 3386 Doujat.
1108 3323 1226 3372 Crevier.
1237 3336 1300 3369 mox
1310 3323 1368 3370 iada

263 3389 390 3449 sanugiuta
403 3387 467 3436 Edd.
480 3395 543 3435 vett.
571 3389 632 3436 uude
642 3387 803 3448 qradraginta
813 3386 938 3436 rellania
950 3386 1116 3436 Gronou-l
1133 3386 1176 3434 ΑΙ.
1184 3387 1293 3448 oppressi
1300 3391 1366 3435 nat.

263 3458 311 3501 -6
329 3454 427 3500 Etutam
439 3451 506 3501 Edd.
519 3457 581 3500 ante
591 3451 726 3500 Duris-o
744 3450 864 3501 Alterum
882 3450 966 3500 diebus
977 3451 1116 3500 delendum
1133 3463 1193 3499 ema
1207 3459 1299 3499 censet
1312 3449 1368 3499 itu·

759 3597 870 3649 Nom

297 3698 311 3732 Ρ
328 3691 459 3756 Hannibal,
469 3693 550 3742 latum
570 3691 682 3756 [etatum]
693 3695 796 3744 masada
834 3694 935 3744 rimante
946 3695 980 3744 ad
995 3693 1066 3744 Sinin
1083 3703 1195 3752 mnam,
1205 3691 1288 3754 vulgo
1298 3691 1368 3742 Sina

263 3769 302 3833 rc]
326 3769 413 3832 Negat
423 3769 569 3819 Gronovius
588 3769 613 3818 in
628 3770 692 3820 Mss.
703 3769 755 3834 legi
765 3768 795 3818 rb
835 3769 988 3820 Holsteniur
1012 3767 1075 3819 illud
1103 3766 1265 3831 probabilius
1293 3769 1368 3830 ponit

262 3846 366 3896 elsim
382 3853 537 3911 constatque
554 3846 617 3895 satis
628 3844 726 3910 absque
743 3846 794 3896 boe
833 3839 903 3894 luter
913 3847 1082 3909 seponerem,
1093 3842 1126 3891 ad
1144 3841 1269 3909 dextram
1280 3841 1366 3892 Aciris

263 3921 402 3972 sententia.
833 3921 889 3970 siue
900 3921 965 3984 Agri
978 3917 1005 3969 fl.
1016 3919 1063 3968 ubi
1077 3917 1188 3968 nominis
1202 3915 1315 3980 rafigis
1324 3931 1365 3966 m·

296 4005 308 4039 ‘¹
324 3999 365 4048 Ad
375 3996 545 4061 Grumentum]
560 3997 619 4047 lloc
632 3997 791 4047 Lucanorum
835 3997 987 4061 pereuntia
1004 3996 1062 4044 loco
1080 3993 1123 4057 qui
1139 4006 1209 4042 nnnc
1225 3991 1365 4053 Agnus,

263 4073 386 4134 oppidum
404 4073 568 4138 Apenninum
586 4075 653 4123 inter
664 4081 691 4122 et
707 4074 790 4122 aluum
833 4087 913 4135 supra
924 4068 1150 4134 duanlaoppidnm
1166 4067 1366 4131 dissimulitu-

263 4147 442 4206 Tareutinnm.
460 4151 579 4213 interque
598 4148 790 4198 Potentiamne
831 4147 922 4198 licata.

262 4221 368 4272 'l'burios
380 4219 437 4274 fuit.
464 4225 586 4276 Cluverio
597 4231 636 4274 est
648 4223 723 4273 lrodia
734 4223 790 4274 cta·
