2917 4767
516 356 590 405 uin.
615 356 703 407 xxi.
728 358 810 406 cau.
832 340 887 407 16.
1163 344 1251 412 1677

108 490 323 581 rhegium.
382 499 515 565 Octavo
545 508 699 579 urrunnu,m
736 521 837 585 quam
868 508 1018 585 coeptum
1047 508 1250 589 oppugnari,

109 607 280 682 captum
310 602 507 685 Saguntum,
538 604 674 686 quidam
696 607 878 688 scripsere:
909 605 988 670 inde
1018 606 1248 690 Carthagirurru

106 718 261 767 novam
279 705 317 767 in
330 704 478 789 hyberna
493 704 722 771 Hannibalem
739 708 968 773 concessione:
992 710 1111 791 quinto
1132 708 1250 776 deinde

105 821 262 883 mense,
281 826 386 890 quam
399 808 444 870 ab
460 806 660 890 Carthagine
676 809 844 891 profectus
856 810 912 886 ait,
932 812 967 874 in
981 810 1117 876 ltaliam
1132 830 1250 895 perve-

107 906 235 971 nisse.
288 906 381 986 Quae
395 910 424 972 si
440 911 487 973 ita
502 918 604 987 sunt,
617 908 690 975 fiori
712 928 779 973 nou
794 912 918 993 potuit,
941 921 979 977 ut
1002 912 1045 976 P.
1061 912 1248 996 Cornelius,

105 1005 172 1071 Ti.
193 1010 437 1093 Sempronius
451 1012 606 1075 consules
619 1011 757 1088 suerint,
771 1012 815 1075 ad
830 1031 918 1096 quos
938 1020 975 1077 et
997 1012 1165 1099 principio
1187 1034 1248 1100 op-

105 1112 356 1200 pugnationis
370 1112 470 1194 iegati
486 1111 661 1196 Saguntini
676 1114 773 1176 misni
789 1115 866 1193 siut,
887 1120 921 1179 et
935 1116 1040 1200 quiin
1055 1136 1118 1180 auo
1144 1121 1246 1201 mugi·

108 1218 245 1277 stratu
270 1233 351 1278 curn
373 1213 576 1293 Hannibale,
604 1214 687 1279 alter
714 1216 759 1280 ad
787 1215 942 1282 Ticinum
973 1237 1118 1296 amnem,
1144 1222 1246 1284 ambo

104 1314 311 1397 aliquanto
326 1323 407 1399 post
430 1315 472 1381 ad
491 1316 660 1395 Trebiam,
677 1319 907 1399 pugnaverint.
953 1317 1021 1383 Aut
1035 1322 1146 1384 omnin
1161 1321 1238 1384 bre·

112 1416 229 1480 viora
243 1418 420 1501 aliquanto
435 1416 537 1494 inere,
553 1424 608 1482 aut
624 1418 810 1499 Saguntum
825 1420 992 1504 principio
1008 1423 1099 1499 anni,
1116 1440 1186 1507 qno
1201 1420 1244 1485 P.

110 1514 332 1595 cornelius,
353 1520 407 1585 Ti.
421 1519 639 1602 Sempronius
653 1520 813 1585 consules
832 1520 977 1601 inerunt,
999 1542 1067 1587 non
1094 1528 1244 1607 coeptum

115 1624 328 1703 oppugnari
344 1632 407 1699 est,
424 1622 482 1685 sed
498 1628 649 1704 capium.
667 1620 701 1685 N
703 1642 756 1690 am
768 1624 960 1687 excessisse
973 1642 1089 1707 pugnu
1104 1624 1148 1689 ad
1163 1625 1246 1690 Tre·

116 1722 227 1787 biam
244 1724 283 1787 in
300 1744 419 1789 anunm
433 1724 496 1789 Cn.
506 1723 640 1789 Servilii
650 1726 685 1788 at
694 1722 762 1789 C.¹⁸
773 1724 934 1790 Flaminii
945 1745 1014 1789 nou
1029 1732 1152 1810 potest,
1165 1729 1246 1811 quia

117 1822 326 1890 Flaminius
335 1822 479 1891 Arimini
495 1824 703 1891 consulatum
717 1824 805 1898 iniit,
820 1836 952 1891 creatus
964 1826 1009 1893 ab
1023 1825 1080 1893 Ti.
1089 1827 1244 1912 Sempro

118 1926 192 1992 nio
207 1930 372 2009 consultu
395 1930 464 2012 qui,
487 1934 569 2012 post
587 1948 737 2013 pugnem
761 1929 805 1994 ad
831 1930 990 1995 Trebiam
1015 1929 1060 1994 ud
1083 1930 1244 1995 manuos

121 2031 296 2096 consules
313 2029 457 2097 Romam
471 2050 549 2095 cum
564 2032 725 2109 venisset,
748 2030 894 2097 comitiis
908 2031 1064 2115 perfectis
1086 2030 1131 2098 ud
1146 2051 1242 2098 exer-

121 2131 240 2199 ciam
253 2134 288 2197 iu
302 2133 451 2217 hyberna
463 2130 575 2199 rediit.

125 2264 129 2271 ·
172 2236 231 2300 16.
255 2236 328 2300 Sub
348 2235 437 2300 idern
458 2234 525 2299 iero
544 2238 677 2317 tompus
692 2242 726 2300 ct
740 2234 855 2318 iegati,
871 2237 928 2319 qui
942 2235 1109 2301 redieruut
1123 2254 1146 2301 a
1160 2233 1241 2300 Car-

124 2334 284 2419 thagine,
301 2336 445 2403 Romam
459 2337 653 2417 retulerunt,
668 2340 783 2403 omnia
796 2336 935 2403 hostilia
949 2356 1037 2415 esse,
1050 2344 1086 2402 et
1100 2336 1241 2421 Sagmrti

126 2440 310 2505 excidium
331 2438 521 2503 nuntiatum
545 2442 618 2501 eat:
640 2443 821 2523 tantusque
842 2439 944 2505 simul
965 2460 1090 2505 moeror
1111 2439 1240 2519 Pairoa,

127 2540 429 2623 misericordiaque
454 2540 620 2605 sociorum
648 2546 867 2622 peremturum
897 2540 1041 2625 indigno,
1068 2545 1102 2605 et
1130 2540 1241 2625 purior

127 2660 200 2707 non
228 2640 289 2707 iuti
315 2639 450 2719 auxilii,
474 2649 507 2705 ct
530 2642 579 2705 ira
604 2640 639 2706 in
665 2640 968 2725 Carthaginienses,
994 2651 1171 2729 metusque
1196 2640 1240 2707 de

129 2763 265 2809 summa
279 2762 388 2811 rarrun
404 2743 506 2827 cepit,
521 2743 615 2807 volut
629 2741 658 2806 si
669 2742 745 2826 jam
758 2742 803 2809 ud
817 2751 937 2826 ponae
950 2742 1061 2808 hostin
1074 2754 1174 2822 canet,
1188 2749 1238 2819 ui,

127 2852 184 2910 tot
205 2864 279 2909 nno
297 2851 448 2927 tempora
462 2843 611 2908 motibus
626 2844 729 2909 animi
743 2844 876 2921 turbati,
892 2843 1096 2925 trepidarent
1117 2844 1237 2926 magia,

129 2966 234 3030 quam
250 2946 499 3011 consulerent.¹⁹
543 2942 634 3009 Nam
649 2962 757 3029 neque
770 2943 900 3008 hostem
920 2943 1082 3009 acriorem
1097 2944 1237 3011 bellico·

129 3049 327 3130 sioremquo
352 3066 466 3112 aecum
492 3064 734 3129 congressum
763 3064 828 3111 nac
855 3064 924 3109 ram
950 3044 1140 3111 Romanam
1165 3054 1236 3113 tam

128 3148 282 3213 desidem
294 3166 439 3234 uuquam
454 3148 560 3213 suisne
575 3156 678 3231 nique
693 3147 888 3212 imbellem·
930 3146 1077 3211 Sardoa¹¹
1094 3148 1235 3215 corana·

159 3340 173 3364 ¹
192 3332 276 3395 Neque
286 3347 338 3382 cum
350 3330 466 3381 Romu
475 3331 707 3391 natumiuniores,
719 3335 743 3378 et
758 3330 840 3379 neuim
850 3328 941 3379 narare
949 3331 1131 3394 predationes
1142 3301 1233 3383 mu.-

128 3410 170 3445 πει
182 3396 303 3447 rom
313 3412 415 3461 aarum
424 3398 482 3447 adeo
493 3398 581 3446 herten
590 3404 613 3445 er
624 3394 808 3458 memsam
818 3394 922 3443 nunant.

590 3536 773 3563 ammoneo

128 3640 351 3763 Viffliffi'nerf
369 3640 447 3705 pretio
464 3638 571 3705 Doujat.
589 3640 754 3691 strom-18
772 3640 801 3689 G.
820 3638 872 3687 dei.
893 3639 970 3688 Grut.
989 3638 1105 3688 Gronov.
1124 3638 1232 3704 Doujat.

625 3816 736 3867 Nom

159 3924 177 3950 ·
196 3916 291 3964 cerm
307 3910 398 3975 mauu]
422 3912 560 3977 Pieriaqne
576 3914 659 3963 Vate-
699 3926 746 3963 rex
773 3924 874 3960 mem
894 3923 1014 3960 eranum
1033 3910 1084 3957 hoc
1102 3910 1228 3973 oppidum

129 4008 183 4044 rum
195 4006 254 4043 enm
266 3992 345 4040 Livio
360 3989 499 4039 convenit:
518 3989 658 4039 edoman-
699 3999 802 4051 murm
821 3989 891 4052 quod
902 3986 1061 4051 probabiiinr
1072 3986 1135 4039 facit
1150 3990 1230 4055 ipuinr

129 4069 249 4121 turnino
277 4068 380 4129 Florus,
401 4066 445 4130 qui
466 4066 567 4115 nonnisi
590 4080 658 4116 mo
699 4067 765 4117 Livii
774 4065 942 4128 computatio.

128 4160 214 4197 menn
241 4142 361 4195 demum
390 4142 481 4191 rcribir
499 4142 658 4204 &gnatum
729 4150 744 4177 ¹
759 4139 861 4203 onor]
886 4139 1016 4191 Sardinia
1035 4140 1154 4206 populor,
1169 4160 1227 4210 qun

125 4224 183 4275 iude
193 4222 302 4279 Λυαῖον
311 4218 346 4269 rio
358 4217 404 4267 rir.
415 4217 508 4269 iiiartr.
526 4218 570 4282 qui
589 4216 658 4268 intr·
697 4231 751 4269 una
761 4216 885 4267 extribus
894 4216 1110 4281 majoriburcirca
1122 4218 1227 4272 ltaliam
