2917 4767
230 310 316 377 1672
703 322 738 370 r„
762 319 858 371 mvn

230 468 336 533 ruinis
364 469 447 541 erat,
465 460 662 535 ,ruliceaunty
721 461 808 526 Inde
828 460 1041 545 oppugnatio
1065 476 1127 525 eos
1156 460 1345 545 aliquanto

230 567 388 643 atrocior,
403 583 502 648 qtram
524 573 614 640 anta,
625 563 744 627 adorta
757 568 850 628 est:¹
870 582 946 642 nec,
959 582 1029 646 qun
1038 562 1183 647 primum
1197 570 1263 627 aut
1273 582 1347 644 pc·

231 668 397 733 tissimum
412 670 506 749 parte
520 664 642 729 ferrent
656 682 767 747 opem,
777 663 869 747 (cum
881 664 993 729 omnia
1006 666 1109 729 uariis
1124 651 1345 729 clamoribus

232 769 443 850 streperent)
455 764 540 855 satis
558 766 643 829 sciro
659 770 822 847 poterant.
855 763 937 847 Ipse
952 763 1138 841 Hannibal,
1153 782 1223 848 qua
1236 764 1348 828 turris

230 868 392 945 mobilis,·
414 867 528 931 omnia
542 867 749 929 munimenta
763 866 857 929 urbis
872 884 1033 948 supernus
1048 864 1243 942 altitudine,
1258 884 1348 945 nge·

229 968 340 1046 batur,
370 968 519 1032 hortatur
547 967 672 1031 aderat.
725 964 813 1043 Quae
842 985 918 1029 cum
946 966 1094 1047 admotu,
1124 964 1317 1048 catapultis
1330 962 1348 999 ⁸

229 1067 462 1153 ballistisquee
484 1067 544 1151 per'
567 1066 682 1131 omnia
703 1067 858 1131 tabulata
878 1066 1068 1150 dispositis,
1093 1084 1211 1131 muros
1226 1064 1347 1129 duon-

229 1170 364 1234 soribns
379 1169 560 1245 nudasset;
583 1174 652 1233 tum
667 1168 856 1247 Hannibal,
878 1168 1090 1250 occasionem
1115 1176 1224 1246 ratus,
1239 1166 1347 1251 quin·

228 1277 346 1353 gentos
360 1269 463 1334 ferme
478 1267 580 1333 Afros
603 1288 678 1333 cum
693 1268 844 1333 dolabris
870 1270 913 1334 ad
939 1266 1187 1334 subruendum*¹
1210 1266 1345 1332 abimc

228 1388 358 1433 murum
374 1369 489 1433 mittit.
535 1368 612 1433 Nec
628 1377 702 1434 erat
713 1367 849 1433 difficile
863 1388 963 1451 opus,
979 1368 1069 1452 quod
1083 1374 1258 1434 caementa
1274 1387 1345 1433 nou

229 1470 325 1535 calce
348 1469 467 1533 durata
491 1475 593 1547 eraut,
620 1468 679 1533 sed
704 1468 852 1533 interlito
877 1469 965 1547 luto,
987 1473 1163 1533 structuras
1186 1469 1342 1551 antiquae

230 1588 361 1651 genere.
404 1570 526 1653 Itaque
544 1570 666 1646 latius,
682 1589 785 1653 quam
808 1570 1003 1648 caederotur,
1026 1571 1185 1634 ruebatz³
1209 1588 1346 1653 parque

228 1671 381 1753 patentia
410 1671 527 1739 ruinis,
544 1671 676 1753 agmina
712 1676 914 1735 armatorum
940 1671 975 1733 in
1003 1672 1119 1735 urbem
1147 1670 1339 1735 radebant.

230 1770 359 1837 Locum
382 1792 514 1856 quoquo
533 1773 656 1837 editum
671 1771 831 1855 capiunt:
854 1772 1056 1856 collatisque
1079 1790 1123 1836 oo
1147 1772 1343 1855 catapultis

229 1871 459 1957 ballistisque,
475 1881 512 1939 ut
538 1873 714 1939 castellum
733 1873 868 1955 inipso
891 1873 972 1936 urbe
989 1872 1080 1937 velut
1099 1890 1212 1936 urcem
1227 1872 1342 1935 immi·

229 1980 363 2038 nentem
387 1975 558 2053 baberent,
582 1992 678 2039 muro
702 1974 932 2038 circumdant:
955 1982 992 2037 et
1006 1974 1185 2055 Saguntini
1200 1992 1340 2037 murum

228 2072 417 2141 interiorem
433 2079 476 2142 ab
489 2078 639 2143 nondum
663 2081 768 2158 copta
792 2075 887 2139 urbis
906 2082 1003 2159 porto
1029 2074 1165 2139 ducunt.
1212 2074 1341 2140 Utrim·
1453 2134 1454 2163 ξ

688 2252 870 2274 ΝΙΝΙΟΜΟΟ

230 2341 382 2429 liupert-tt
400 2367 471 2419 Olim
481 2362 618 2433 legebatur
631 2369 715 2434 ltaque
725 2376 851 2434 catepanus
860 2364 998 2426 camon,
1007 2365 1097 2420 nabot.

724 2530 836 2584 ΝΟΜ

263 2648 275 2684 l
292 2640 386 2690 Nouum
395 2656 488 2691 manaa
497 2673 521 2693 ..
533 2676 539 2693 .
549 2644 685 2709 rpioareat]
694 2644 766 2695 Gall.
805 2642 1027 2706 continebant,ea
1038 2642 1169 2694 Vitruvio.

231 2712 269 2764 lla
270 2714 506 2779 firnataanrauena
514 2720 701 2769 retransmeant
711 2722 765 2769 dar·
836 2716 1014 2781 ''Calmlffil
1039 2718 1181 2778 0⁸¹⁸P⁰¹i⁸
1210 2718 1337 2774 ΟΜΝ

227 2788 427 2841 ritrelnbricbe.
803 2806 908 2853 nomeu,
930 2793 1077 2842 derivatum
1101 2790 1147 2841 aab
1169 2794 1215 2851 ris
1236 2794 1339 2856 adam,

263 2870 274 2895 ¹
292 2864 616 2931 Oppagutioemlipanato
626 2867 763 2917 mosim..
804 2884 862 2934 quas
874 2883 924 2917 τοι
940 2868 1041 2917 bartam
1057 2876 1086 2916 et
1102 2868 1221 2931 jaculum
1239 2872 1339 2935 signiti-

227 2940 312 2988 adorta
320 2940 367 3002 eat]
375 2938 534 3005 Hypallage,
542 2944 680 3007 probantes
688 2944 763 2992 ador·
804 2952 856 2994 cat.
871 2932 1128 3007 nominatumque
1142 2944 1197 2994 tela
1214 2953 1247 2994 et
1262 2962 1338 3010 gran·

230 3015 250 3063 ti
263 3022 323 3063 aunt
336 3028 380 3065 eoa
392 3018 514 3067 atrociori
528 3020 728 3083 oppugnatione.
802 3018 889 3067 diores
899 3018 1003 3080 sagitte
1011 3018 1038 3067 ln
1048 3019 1135 3067 boatea
1145 3020 1335 3073 mittebantur:

260 3095 273 3121 ⁸
291 3089 375 3139 Turris
402 3092 506 3156 arabilis]
531 3094 627 3145 Turres
651 3094 690 3144 bn
713 3094 760 3158 lig·
802 3100 862 3156 post
872 3092 985 3143 Cetaria
997 3100 1115 3156 tempora
1125 3094 1205 3143 etiarn
1216 3110 1267 3159 pro
1280 3098 1336 3149 bal·

228 3176 285 3213 nen
316 3166 494 3217 ambulatoria
523 3168 621 3219 fiebant
651 3169 761 3219 subditla
801 3169 942 3220 listaanrni
958 3171 1010 3219 boc
1023 3171 1219 3235 nomenooepit.

228 3240 286 3288 arta
295 3240 444 3291 mechanica
460 3242 534 3306 rotis,
546 3252 657 3309 quatuor
668 3250 697 3294 nt
714 3245 759 3293 mi·
832 3252 845 3278 ⁶
860 3244 1030 3308 Bolliatiaqae]
1047 3241 1179 3294 Differnnt
1190 3248 1336 3313 a'canpal·

231 3313 339 3375 nimnm,
358 3323 468 3372 actaea,
487 3318 528 3366 rel
540 3317 618 3367 etiam
635 3319 761 3383 pluribus,
802 3320 836 3369 tia
858 3320 979 3383 ballista,
998 3321 1064 3385 quod
1083 3321 1123 3371 ba
1141 3334 1193 3371 uon
1212 3325 1332 3381 tela‚aed

226 3395 358 3437 uteorum
378 3390 453 3452 lapsu
470 3391 621 3455 magnitudo
637 3400 690 3442 tana
708 3396 761 3445 alta
801 3395 921 3460 ingentes
940 3396 1042 3459 lapidea
1060 3401 1089 3445 et
1106 3410 1169 3445 taxa
1182 3397 1334 3460 jacularen·

228 3470 389 3512 moreretur.
430 3464 512 3514 Erant
533 3472 619 3515 autern
642 3474 705 3516 rota
723 3470 761 3519 la·
801 3478 939 3521 turrate
957 3471 1180 3533 concubebant,
1201 3480 1242 3522 eat
1261 3477 1335 3528 enirn

229 3542 316 3585 tantas
333 3544 361 3585 et
379 3535 499 3595 interna,
521 3552 554 3590 ue
573 3540 684 3591 buatinrn
700 3544 760 3595 telis
801 3546 904 3597 Gracia
921 3545 1055 3603 martur
1069 3544 1138 3597 idem
1152 3548 1334 3613 quonjam,

229 3618 433 3673 exponerentur,
461 3613 505 3676 qrri
527 3627 572 3666 eas
598 3624 681 3668 turrea
699 3634 760 3683 pro·
800 3623 940 3687 projicere.

228 3686 369 3748 pellebant,
389 3702 419 3737 ac
430 3686 533 3739 funibus
554 3691 700 3755 trahebant,
712 3702 758 3745 aut
829 3698 922 3749 ‘Cara
933 3696 1080 3747 delubriud
1095 3699 1261 3759 monn,
1279 3704 1335 3769 ipa]

228 3760 359 3824 applicitis
392 3762 470 3814 etiarn
496 3765 630 3829 jumentis.
679 3770 758 3820 Qun·
798 3772 1333 3842 Gallico,llomoadaeaoiroaciaqreaa

229 3835 287 3885 darn
305 3835 371 3885 adeo
388 3839 449 3887 alta
473 3846 503 3889 ut
518 3840 610 3902 viginti
628 3840 757 3896 baberent
796 3847 1333 3919 modrapoaroileroneedeaiocieuap·

229 3910 344 3959 tabulata
370 3910 425 3961 sive
449 3914 666 3978 contignationes,
687 3918 758 3981 vingt
794 3937 839 3985 per
853 3926 877 3973 lo
894 3924 1060 3987 ammom
1073 3924 1166 3983 lebna,-
1181 3940 1208 3976 ee
1224 3930 1267 3991 qai
1280 3930 1332 3979 a’t-

228 3980 317 4044 eroges.
329 3992 355 4033 et
368 3985 470 4036 cubitus
484 3992 539 4039 12⁰.
556 3990 694 4041 altitudine
710 4007 757 4044 sua
796 3998 842 4047 tait
857 4014 902 4062 por
912 3998 967 4059 sort
982 3998 1086 4064 difficile,
1100 4014 1226 4065 mnae
1243 4006 1331 4054 lem

228 4064 377 4121 nauarent:
397 4063 501 4113 mlnima
511 4066 621 4116 altitudo
632 4074 689 4118 erat
698 4082 755 4119 aex·
795 4072 880 4121 aaron
899 4073 951 4123 biti
973 4090 1017 4137 pue
1035 4076 1065 4124 de
1082 4076 1164 4137 simple
1180 4080 1269 4129 non·
1289 4096 1330 4130 ea·

227 4135 482 4199 agintacnbitornrn.
492 4153 523 4191 aa
536 4140 628 4194 decena
639 4143 757 4197 tabulata
796 4147 849 4198 deit
859 4151 889 4199 de
898 4153 961 4201 tore
970 4165 1003 4203 aa
1012 4150 1097 4201 &ade
1106 4150 1192 4201 naas.
