2917 4767
457 385 531 434 ara.
553 383 675 434 xxm.
699 384 785 432 car.
804 368 860 432 tn.
1117 367 1205 434 lota

83 538 171 609 set,
201 550 294 616 soepe
322 530 482 614 risanpe
508 529 717 594 solicitandis
742 527 977 611 nequicquam.
994 545 1082 590 nnuc
1104 528 1205 609 plebe

81 653 193 698 nunc
208 632 430 716 principibus,
443 631 532 696 inme
549 631 680 694 demum
698 632 732 694 in
748 631 950 695 deditionem
965 628 1110 711 accepit,
1125 647 1205 710 pao-

84 735 200 811 tus,¹⁸
216 741 254 800 nt
266 735 410 798 inermes
424 752 501 798 cum
517 733 658 814 singuiis
671 732 800 796 abirent
813 731 1029 795 vestimentis.
1062 729 1205 806 Deinde,

86 844 138 902 ut
155 837 218 919 qui
232 856 251 900 a
267 835 432 918 principio
451 833 541 899 mitis
556 833 714 898 omnibns
727 831 871 909 Italicis,
885 837 1007 914 praeter
1022 829 1205 908 Romanos,

88 938 214 1002 videri
231 937 343 1008 vellet,
354 935 492 1018 praemia
506 941 606 1018 atque
616 934 776 1010 bonores,
788 935 847 1016 qui
857 939 1067 996 remanerent
1087 953 1129 996 ac
1143 932 1206 999 mi·

87 1038 203 1102 litare
217 1055 333 1102 secum
350 1037 547 1112 voluissent,
566 1037 783 1120 proposuit.¹.⁹
826 1033 901 1098 Nec
921 1053 963 1098 ea
984 1040 1205 1117 spe²⁰.quen·

92 1159 210 1221 quam
233 1138 348 1204 tenuit.
409 1135 548 1220 Dilapsi
576 1155 703 1212 omues,
727 1153 941 1218 quocumque
968 1134 1120 1216 bospitio
1148 1142 1207 1202 aut

92 1239 265 1304 fortuitus
277 1239 380 1304 animi
393 1240 537 1322 impetus
550 1225 638 1314 tulit,
653 1255 712 1320 per
724 1237 923 1319 Campaniae
938 1237 1048 1313 urbes,
1060 1239 1207 1302 maxime

95 1341 235 1406 Nolam
263 1340 517 1423 Neapolimque.
562 1338 648 1404 Cum
674 1338 777 1402 ferme
801 1339 937 1420 triginta
960 1345 1145 1418 senatores,
1165 1357 1207 1404 ac

96 1444 190 1506 sorte
201 1444 328 1524 primus
343 1441 500 1525 quisque,
514 1439 666 1522 Capuam
680 1442 858 1523 petissent,
866 1441 997 1506 exclusi
1011 1441 1102 1517 inda,
1117 1440 1208 1525 qood

98 1551 224 1625 portua
236 1541 420 1606 Hannibali
436 1542 656 1617 clausissent,
677 1541 802 1606 Cumas
815 1561 854 1606 se
869 1543 1088 1607 contulerunt.
1133 1542 1208 1607 Nn·

101 1643 209 1708 ceriae
224 1642 341 1726 prinda
355 1643 452 1708 militi
475 1644 556 1708 data
578 1651 650 1721 est;
681 1645 760 1706 urbs
781 1643 917 1726 direpta
937 1649 1038 1726 atque
1060 1645 1209 1708 incensa.

101 1745 234 1826 Nolam
258 1744 440 1808 Marcellus
464 1763 534 1808 nou
558 1745 612 1808 sui
637 1745 746 1823 tnagis
767 1744 893 1809 fiducia
919 1743 1082 1825 preasidii,
1107 1763 1208 1826 quam

102 1847 279 1914 voluntate
294 1846 497 1930 principum,
521 1845 697 1910 habebat..
719 1843 846 1908 Plebes
868 1846 1057 1918 timebatur,
1079 1851 1114 1908 et
1132 1851 1209 1910 ante

105 1967 226 2010 ornnes
242 1947 283 2012 L.
299 1948 466 2025 Bantius,¹
484 1965 786 2030 quemrcousensus
799 1953 970 2010 attentatae
984 1945 1209 2010 deiectiooia⁸

106 2069 150 2112 ac
167 2056 274 2112 metus
290 2069 312 2112 a
334 2057 476 2133 praetore
493 2048 650 2112 Romano
670 2065 761 2110 nunc
780 2046 824 2110 ad
840 2047 1059 2129 proditionem
1081 2048 1211 2130 patriae,

105 2169 210 2228 nunc,
226 2151 257 2216 si
271 2149 314 2215 ad
332 2150 366 2214 id
381 2151 515 2214 somnne
529 2147 718 2224 defuissent
733 2149 776 2210 ad
792 2146 1075 2229 transfugiendum
1096 2151 1211 2214 etimn-

107 2251 215 2318 labat.
260 2251 342 2316 Erat
357 2251 491 2333 juvenis
507 2269 595 2328 acer,
610 2259 644 2314 et
658 2248 825 2314 sociorum
840 2269 883 2314 ea
897 2255 1092 2332 tempestate
1105 2269 1211 2334 propa

110 2351 372 2418 nobilissimus*
386 2371 502 2435 eques.
545 2351 752 2416 Seminecem
771 2358 846 2416 eom
860 2352 903 2416 ad
919 2349 1053 2415 Cannas
1068 2353 1103 2414 in
1118 2370 1211 2416 acer·

110 2473 156 2518 vo
168 2472 334 2518 caesorum
349 2471 524 2536 corporum
537 2455 708 2518 inventum
721 2459 939 2536 curatumque
948 2453 1098 2534 benigne,
1108 2453 1211 2520 etiam

109 2574 189 2618 cum
213 2553 323 2629 donis,
338 2554 511 2619 Hannibal
528 2555 663 2623 domum
685 2554 868 2616 remiserat.
911 2552 967 2617 Ob
983 2553 1056 2634 ejus
1069 2557 1211 2633 gratiam

107 2656 219 2724 meriti
234 2675 321 2722 ,rem
351 2655 519 2720 Nolanam
550 2656 585 2718 iu
606 2655 664 2737 jus
695 2654 927 2736 ditionemque
951 2653 1031 2717 dare
1060 2653 1212 2719 voluerat

109 2757 243 2822 Poeno:
266 2759 472 2841 anxiumque
489 2775 564 2822 eum
578 2761 611 2818 et
623 2752 793 2818 solicitum
808 2773 888 2817 cura
898 2753 1046 2817 nouandi
1057 2773 1110 2818 ras
1124 2772 1211 2837 prea-

111 3085 189 3133 Cres.
218 3083 280 3132 vid.
300 3084 363 3133 Not.
382 3085 511 3135 Van-18
529 3085 604 3148 Conj.
620 3085 691 3134 Dok.
707 3088 865 3148 pacton-lit
879 3079 1008 3132 ‘fluores
1016 3083 1058 3141 iis,
1068 3083 1110 3145 pai
1119 3097 1213 3134 rm·

109 3149 195 3197 sissent
214 3163 243 3196 uc
261 3147 471 3200 militare-cellen
488 3165 572 3204 recum.
586 3149 709 3212 proposuit
728 3149 796 3214 lidd.
812 3155 873 3196 snte
886 3148 1003 3198 Gronov.
1038 3148 1140 3197 Nostrae
1151 3148 1213 3197 leet.

110 3211 200 3261 favent
211 3211 331 3260 meliores
342 3213 405 3263 Mss.
424 3215 472 3261 nisi
485 3217 553 3277 qnod
566 3216 590 3262 in
603 3213 721 3263 omnibns
733 3223 772 3261 ιιι
782 3217 945 3260 remanserant
956 3219 982 3258 et
995 3211 1019 3259 in
1033 3227 1083 3258 nno
1093 3226 1212 3261 remcass-

110 3277 171 3334 rist,
188 3291 236 3338 pro
248 3283 455 3339 queremini
467 3279 509 3326 vel
520 3291 640 3327 renuam
651 3276 787 3333 tenendum
799 3277 897 3325 monuit
909 3277 989 3324 Gran.
1030 3277 1152 3324 ceterum
1163 3289 1213 3325 nec

112 3350 217 3400 nostre,
228 3355 278 3388 noc
287 3341 399 3403 virigatae
413 3343 472 3390 lect.
482 3356 628 3405 repugnare
639 3353 783 3402 temporum
794 3341 931 3402 rationem,
940 3339 1075 3388 contendit
1087 3341 1213 3401 liuering.

111 3405 236 3454 adversos
247 3406 345 3454 Strotb.
358 3406 401 3466 qni
414 3406 473 3456 binc
485 3407 583 3466 recepit
594 3405 655 3454 illud
665 3407 820 3453 rsnronsrrist
833 3414 860 3452 et
871 3418 1008 3466 perperam
1019 3405 1170 3466 provocarit
1179 3404 1213 3453 ad

111 3469 191 3517 rerba
203 3467 257 3517 Cic.
270 3469 347 3518 Ture.
366 3469 417 3519 Qu.
435 3485 461 3519 v.
480 3474 504 3520 7.
539 3469 636 3520 Xerxes
646 3471 769 3531 preminur
784 3469 904 3530 proposuit
920 3469 970 3532 (sc.
982 3469 1013 3525 ri,
1023 3467 1090 3532 qnod
1103 3469 1135 3515 ab
1148 3469 1213 3516 liro.

112 3540 139 3580 ut
150 3531 175 3581 Ιι.
187 3533 204 3581 Ι.
217 3533 242 3579 in
255 3533 320 3582 Eoo.
332 3541 395 3581 antt.
407 3533 447 3591 iis,
458 3535 545 3596 adjici,
556 3535 601 3582 aad
611 3535 756 3596 elegantius
765 3533 859 3588 orruitti,
869 3533 964 3582 docent
972 3533 1054 3582 Grau.
1063 3533 1210 3596 etStrotlr.)

112 3596 290 3659 qniistrrr'srel
303 3611 385 3644 aarum
396 3597 554 3661 uoluptatem!
571 3599 751 3661 Impera—2⁰
769 3596 810 3646 ΑΙ.
832 3598 884 3646 Νιι
901 3613 929 3652 ιιι
945 3602 1053 3658 spes-l
1071 3598 1144 3660 conj.
1158 3597 1214 3645 Ru-

113 3670 181 3724 pert.
198 3661 366 3710 Boudia-2
385 3663 531 3726 legendum
552 3673 639 3714 utonet
658 3663 685 3714 l.
706 3663 735 3710 F·
753 3662 870 3712 Gronov.
886 3662 1029 3716 maante
1046 3667 1146 3712 testato
1154 3663 1213 3710 d.-

610 3823 720 3873 NOTAE

143 3927 156 3952 ⁹
171 3917 392 3982 PetitNrtcrriura]
407 3921 555 3986 Campania
567 3921 642 3984 oppi-
684 3922 762 3983 strigo
781 3921 875 3969 Nocere
888 3921 947 3969 delli
960 3919 1066 3980 marri.-
1084 3919 1120 3966 sic
1140 3917 1212 3968 dicta

111 3993 257 4058 dumjnsta
269 3993 642 4046 SarottmsranenrtrausNas·
683 3997 752 4059 qtrod
770 3995 905 4043 Samsceai
925 4009 982 4042 asin
1001 3993 1044 4042 din
1064 3993 1214 4057 tenneriut3

112 4071 189 4133 polim
209 4075 237 4116 et
251 4069 393 4119 Vesuvium
412 4077 532 4130 montem,
550 4085 642 4120 norem
683 4071 716 4120 ad
729 4070 869 4119 discrimen
882 4069 989 4118 atterius
1001 4068 1133 4136 Nuceria,
1154 4083 1212 4130 ont

111 4145 223 4194 millibus
241 4145 355 4200 amari:
372 4144 499 4206 Alfaterna
512 4147 640 4209 comnini-
684 4146 709 4199 iu
720 4145 837 4194 Umbris.
870 4144 921 4194 Illa
931 4144 1007 4193 bodie
1022 4143 1212 4197 Dnuatntllar.
1227 4143 1230 4148 '

112 4235 154 4284 ne,
168 4225 275 4268 stratore
291 4219 407 4268 Diodoro
424 4217 511 4270 Siculo
528 4220 572 4270 tib.
583 4229 644 4268 ιιι.
682 4219 840 4281 istricorum,
851 4218 878 4267 in
890 4218 1041 4282 l’riuripstn
1052 4220 1181 4272 citeriore.

174 4301 265 4363 ocur.
281 4305 307 4350 o
323 4298 456 4350 vacua
603 4300 698 4350 naas.
1086 4299 1145 4348 an
