2917 4767
226 625 1134 841 sopnsnnnnnon

524 1011 662 1078 LIBRI
692 1012 842 1082 xv111.

462 1264 903 1341 HISTORIARUM

283 1504 345 1591 Τ.
398 1505 602 1594 LIVII
655 1504 1060 1596 PATAVINI.

521 1750 826 1767 Ἥ

111 1971 141 2023 1.
164 1936 434 2025 Cousnnsrurs
459 1964 566 2024 deinde
593 1964 628 2024 Ι.
658 1962 791 2023 Manlius
818 1963 861 2021 A.
891 1962 926 2022 F.
951 1962 991 2023 P.
1021 1962 1065 2025 N.

111 2058 212 2119 Vulso
225 2059 365 2139 Longus⁹
379 2060 476 2131 inivit,
487 2070 519 2119 et
532 2061 575 2126 Q.
585 2058 736 2119 Caedieius
746 2059 789 2124 Q.
801 2058 836 2117 F.
846 2059 888 2124 Q.
899 2057 959 2120 N!
972 2060 1020 2119 cui
1034 2061 1064 2119 in

110 2155 286 2232 magistratu
307 2165 423 2216 mortuo
440 2156 581 2215 suffectus
599 2164 644 2214 eat
662 2154 709 2213 M.
721 2154 836 2215 Atilius
850 2153 897 2214 M.
913 2153 948 2216 F.
965 2153 1000 2213 L.
1017 2155 1064 2217 N.
1076 2162 1226 2228 FastiCspit.

111 2248 262 2328 Regulus,
284 2253 337 2331 qui
356 2251 447 2311 semel
467 2250 569 2311 oonsrrl
591 2249 697 2310 fuerat.
753 2248 826 2309 Hoc
848 2270 924 2309 anno
945 2249 1063 2310 demum

110 2345 233 2417 Arria,
260 2366 328 2425 quse
347 2348 491 2407 haetenus
509 2345 640 2405 cladium
660 2344 810 2404 hostilium
831 2364 931 2405 exsors
950 2356 1062 2425 egerat,

107 2444 219 2501 sentire
230 2441 344 2501 bellum
356 2443 457 2521 eoepit,
471 2440 617 2501 Romania
629 2441 658 2497 in
670 2459 736 2499 eam
750 2440 893 2517 ingressis,
908 2450 1062 2521 postquam

108 2536 400 2614 Carthaginiensium
420 2536 545 2596 classem
567 2555 676 2613 magna
696 2555 795 2614 pugna
818 2536 973 2595 vicissent:
995 2556 1061 2615 quae

109 2634 152 2691 uti
175 2642 262 2710 gesta
281 2633 352 2704 sint,
374 2633 521 2712 ipsiusque
544 2630 656 2709 Reguli
678 2640 830 2709 utramque
851 2631 1007 2701 fortunam,
1031 2641 1062 2691 et

108 2728 262 2805 indignum
272 2729 329 2787 viri
341 2730 450 2788 virtute
462 2727 587 2798 exitum,
600 2726 657 2785 hoc
672 2726 746 2785 libro
757 2745 946 2805 exponemus.
968 2726 1060 2786 Anno

107 2825 256 2902 superiore
269 2844 338 2882 oum
349 2822 388 2883 O.
402 2821 503 2881 Atilio
517 2821 636 2881 oonsule
652 2820 909 2898 Carthaginienses
924 2822 967 2879 ita
984 2841 1059 2901 prae-

108 2920 148 2979 lio
159 2920 265 2979 naroli
278 2917 503 2988 contenderant,
517 2925 561 2991 ut,
574 2936 744 2996 quenquam
758 2918 814 2997 ipsi
827 2916 959 2997 pluribus
972 2918 1058 2977 amis-

106 3016 145 3073 sis
156 3016 285 3074 naribus
296 3034 397 3094 pugna
410 3014 518 3093 priores
529 3013 732 3083 excessissent,
745 3022 845 3073 tamen
859 3013 930 3090 quia
942 3012 1057 3072 Roma-

106 3130 157 3169 nus
168 3112 263 3169 etiarn
285 3110 403 3188 aliquot
423 3117 657 3179 summersersnt,
679 3128 711 3167 se
732 3126 791 3167 non
809 3106 958 3167 inferiores
970 3106 1057 3167 fuisse

107 3206 383 3286 interpretarentur:
405 3202 537 3264 Romani
549 3213 652 3264 oontm
663 3212 800 3263 eventurn
815 3222 881 3261 eum
894 3223 947 3283 pro
964 3202 1217 3284 victo-'Polybnae

106 3304 148 3361 ria
159 3302 242 3361 haud
254 3302 348 3361 dubia
358 3300 582 3380 computabant.
610 3299 661 3360 Ite
673 3298 775 3370 fiebat,
791 3308 824 3358 ut
836 3320 888 3379 spe
902 3308 933 3359 et
946 3298 1056 3359 fiducia

107 3399 167 3477 peri
194 3397 322 3478 populus
347 3405 469 3476 uterque
495 3395 623 3455 sudium
648 3396 856 3455 maritimarum
886 3416 979 3457 rerum
1005 3416 1055 3477 per

106 3494 322 3553 emulationem
334 3511 478 3553 mimmam
492 3502 722 3570 prosequeretur.

143 3596 172 3649 2
194 3590 293 3669 Igitur
305 3598 338 3648 et
349 3588 484 3649 consules
497 3586 670 3646 inAfrioam
682 3586 836 3647 usnsterre
850 3588 959 3647 bellum
967 3587 1053 3665 jussi,
1067 3598 1135 3647 oros.
1144 3612 1180 3646 ιν.
1191 3602 1217 3648 a.

106 3705 171 3744 oum
182 3695 381 3747 trecentarum
392 3685 514 3764 triginta
526 3682 644 3743 nerium
656 3681 750 3743 elaeae
765 3684 934 3744 Messanam
949 3681 1054 3762 appul·
1065 3694 1151 3761 Polyb.

132 3882 205 3932 vita
217 3880 341 3931 Crevier.
351 3895 385 3931 er
404 3880 488 3930 Fastis
506 3879 596 3943 capit.
627 3878 695 3930 ada.
714 3881 824 3945 priores,
848 3878 879 3930 1..
897 3876 1003 3928 hiantius
1020 3876 1053 3928 A.

105 3946 131 3995 F.
140 3948 169 3997 P.
183 3949 219 3998 Ν.
229 3949 304 4009 uulgo
315 3946 422 4007 Longae

490 4036 670 4059 eumenen

392 4151 405 4174 ⁸
422 4142 455 4193 A.
468 4143 501 4192 U.
515 4142 546 4193 C.
556 4146 614 4192 496.
631 4140 663 4193 Α.
676 4142 707 4192 C.
718 4143 775 4191 256.
