2917 4767
232 366 319 434 lunt
698 379 734 429 r.
759 376 858 429 nrvrr

393 532 491 584 suetos
510 522 641 584 homines
657 530 689 582 et
708 522 815 583 divites
828 541 926 582 mcum
942 520 1066 583 retinere
1085 532 1238 603 cuperent,
1252 522 1351 585 facile

395 620 501 679 assensi
512 628 581 677 sunt
593 618 776 678 venientibus
788 617 827 676 ab
842 617 935 677 Utica
947 618 1061 696 legatis,
1075 618 1126 698 qui
1139 638 1192 678 suo
1203 620 1353 700 exemplo

247 721 383 773 Venatori.
396 716 479 791 (narn
499 722 530 773 et
545 714 637 773 Utica
649 713 766 773 colonia
786 712 942 793 Tyriorum
962 716 1039 791 erat)
1056 713 1095 774 ad
1108 714 1295 774 condendam
1309 716 1354 775 iis

395 809 468 869 loeis
474 811 575 870 urbem
583 810 784 870 hortabantur.
807 808 1012 881 Itaconrenit‚
1022 818 1054 869 ut
1067 808 1136 869 Afri
1149 808 1249 871 sedem
1257 813 1353 891 oppi-

394 904 425 964 di
434 904 842 973 Pboenioibuaeoncederent;
865 906 895 963 bi
905 906 1201 965 annuumeonomine
1211 906 1351 985 vectigal

392 1000 552 1081 penderent
564 999 658 1061 Afris.
700 998 793 1080 Operi
815 1000 943 1080 perfecto
957 1000 1040 1059 Elisa
1053 1000 1153 1079 lingua
1165 1020 1220 1059 sua
1232 1020 1349 1061 nomen

248 1110 361 1173 cruap.
393 1097 531 1177 imposuit
555 1095 747 1167 Otanada:
789 1088 869 1176 qdod
900 1096 1002 1155 urbem
1035 1114 1141 1155 novam
1174 1095 1348 1175 signifieat:

230 794 256 839 Ι.

247 850 340 901 Justin.

229 1174 382 1303 ῗὶῗίξοώ
394 1190 494 1251 Graeei
506 1191 711 1263 carchedone,
734 1190 866 1252 Romani
887 1192 1050 1262 aberrante,
1064 1200 1098 1251 ut
1110 1189 1155 1261 iit,
1169 1192 1348 1271 pronuntia-

391 1288 470 1347 tione
491 1286 700 1365 Carthaginem
725 1296 912 1348 vocaverunt.
955 1286 1004 1347 Ea
1028 1306 1096 1347 oum
1117 1296 1148 1347 et
1168 1287 1282 1347 vicinos
1295 1288 1347 1347 fa-

392 1390 503 1453 ventes,
523 1391 555 1441 et
575 1381 716 1463 populum
740 1382 921 1453 industrium,
942 1390 984 1454 et,
1005 1381 1085 1463 quod
1107 1382 1270 1442 maximum
1284 1393 1347 1455 est,

391 1478 552 1557 sapientem
565 1478 695 1555 reginam
717 1478 849 1549 baberet,
871 1477 1048 1537 admirandis
1060 1478 1244 1539 incrementis
1255 1478 1345 1539 brevi

245 1600 363 1662 nomm,
391 1572 551 1633 convaluit.
593 1571 674 1632 Haeo
695 1581 765 1632 ante
788 1572 957 1633 Romanurn
975 1573 1076 1632 urbem
1096 1571 1245 1632 conditam
1259 1593 1346 1633 anno

166 1737 171 1743 g
229 1671 256 1712 οἱ
273 1663 507 1729 Remos-circiter
526 1670 739 1748 septuagesimo
752 1679 820 1729 aeta
833 1668 987 1729 videntur:
1008 1687 1076 1727 nam
1097 1668 1173 1727 inter
1192 1678 1344 1741 auctores,

227 1727 354 1839 mmm
392 1773 425 1823 ut
437 1765 466 1823 in
477 1784 507 1823 re
520 1774 581 1823 tarn
594 1764 726 1843 antiqua,
741 1782 842 1844 parum
855 1764 1003 1824 convenit.

229 1869 309 1904 ΜΗ·
320 1858 346 1902 ⁰·
429 1866 459 1919 2.
481 1858 542 1919 Sed
553 1858 654 1930 Elisa,
664 1857 911 1939 quemadmodum
921 1859 984 1917 vita
996 1876 1116 1917 omnum
1130 1858 1271 1917 varietate
1285 1880 1342 1919 no·

228 1940 318 1993 Jntin.
389 1953 467 2026 bilis,
480 1955 522 2015 sio
537 1954 631 2024 etiarn
646 1954 834 2017 memorande
855 1972 931 2013 mors
947 1952 1013 2013 iuit.
1056 1951 1162 2011 Iarbas
1183 1952 1342 2015 Africana·

389 2050 541 2129 eujusdam
554 2052 649 2129 gentis
660 2049 777 2128 regulus
795 2048 913 2129 nuptias
924 2051 989 2127 ejus
1002 2049 1144 2118 ambibat,
1158 2050 1187 2108 ni
1201 2068 1340 2129 asseque-

388 2155 477 2216 retur,
499 2146 610 2206 bollum
625 2147 779 2205 minitans:
800 2144 852 2203 sed
873 2143 925 2203 iiia
938 2146 1073 2204 castitate
1094 2144 1208 2221 insigni,
1222 2154 1253 2205 et
1273 2166 1340 2205 ma-

388 2241 437 2299 riti
465 2241 569 2319 prioris
587 2260 697 2310 amore,
719 2241 838 2320 nuptias
866 2240 1079 2299 aversabatur:
1114 2239 1224 2297 beilum
1250 2241 1341 2299 rebus

388 2333 681 2395 adhuonuseentibus
702 2344 734 2394 et
753 2334 861 2394 teneris
880 2334 1034 2393 exitiosum
1059 2333 1120 2393 iore
1143 2334 1339 2412 intelligebat.

390 2427 486 2505 Igitur
498 2438 628 2507 tempore
641 2429 681 2487 ad
693 2428 915 2487 deliberandum
933 2438 1041 2499 sumto,
1054 2430 1137 2507 quasi
1151 2429 1270 2489 tarrdem
1291 2434 1338 2493 ri-

387 2522 474 2583 oisset
499 2523 639 2595 animum,
660 2532 692 2583 et
710 2523 750 2584 ad
772 2524 889 2603 nuptias
910 2520 1070 2583 Africanas
1091 2522 1282 2595 adduxissem
1305 2528 1335 2585 in

386 2625 518 2677 extrema
530 2626 591 2677 turn
605 2618 686 2678 urbis
697 2627 780 2698 parte
793 2637 894 2697 rogum
915 2618 1025 2677 exstrui
1041 2618 1141 2696 jussit,
1164 2622 1333 2700 priusquam

386 2732 494 2773 novum
517 2712 732 2773 matrimonium
761 2712 968 2791 ingrederetur,
997 2712 1113 2773 Siebaeo
1137 2734 1190 2774 suo
1217 2715 1336 2777 inferias

385 2806 520 2868 daturam
533 2807 699 2889 preferens.
737 2806 815 2868 Tum
829 2807 930 2867 hostiis
945 2807 1045 2867 multis
1057 2808 1224 2882 immolatis,
1237 2810 1276 2871 ad
1290 2812 1334 2875 ul·

384 2902 488 2963 timum
502 2905 567 2985 ipsa
578 2901 749 2965 conscendit
760 2921 874 2984 pyram,
888 2912 919 2962 et
931 2902 1031 2981 gladio
1043 2924 1130 2983 quem
1144 2924 1242 2965 secum
1256 2915 1335 2969 attu-

384 2997 459 3061 lerat
470 2999 526 3059 sibi
538 3008 661 3061 mortem
672 3000 833 3067 oouscivitr
856 2998 978 3059 oaritme
986 2999 1041 3059 viri
1050 3009 1080 3059 et
1087 2999 1195 3059 nivium
1209 3003 1334 3083 proprius

384 3092 704 3156 ineolumitntisonram
715 3102 881 3175 superante.
916 3093 1333 3175 RetuleruntCartbaginien-

234 3229 278 3280 sil,
288 3226 343 3277 M
354 3225 373 3275 1,
384 3212 430 3253 ses
441 3210 532 3271 quam
544 3200 664 3271 potuere
677 3190 820 3268 gratiam
841 3197 872 3248 et
884 3188 1076 3249 admiratione
1097 3190 1236 3250 virtutum
1256 3194 1332 3271 ejus,

223 3296 326 3342 aaut·
385 3286 479 3348 donee
491 3285 655 3364 respublica
667 3282 751 3344 salva
763 3282 829 3355 fuit,
844 3304 896 3363 pro
911 3282 979 3343 Dea
991 3285 1120 3345 venerati
1129 3295 1205 3345 sunt.
1240 3286 1334 3349 AEdes

223 3354 363 3485 vsi‘fgmffi':
386 3382 495 3442 inioco
515 3379 567 3438 ubi
591 3381 682 3439 vitam
707 3387 831 3438 exuerat
851 3386 978 3439 structa:
1000 3380 1064 3460 ipsa
1084 3379 1166 3441 Dido
1195 3382 1250 3459 (sio
1272 3402 1332 3445 ser-

222 3499 242 3535 1.
253 3488 309 3536 ut.
384 3495 470 3535 mone
482 3495 536 3534 sno
549 3474 708 3552 viraginem
722 3472 811 3534 Poeni
823 3478 944 3549 vocant)
957 3486 968 3520 δ
987 3474 1149 3559 appellata.

425 3575 454 3630 8.
468 3568 547 3631 cum
558 3568 665 3631 deinde
677 3589 763 3631 nemo
775 3588 849 3631 unus
860 3570 1039 3631 successione
1052 3572 1134 3650 regni
1142 3582 1209 3653 post
1217 3570 1330 3637 Elisam

416 3772 430 3796 ⁰
446 3761 593 3826 θυίων]
609 3760 660 3811 Vei
672 3760 837 3823 Cartbndudd
869 3762 916 3812 dud
926 3760 1053 3812 ditentur:
1071 3763 1195 3826 rrelraga¹
1207 3764 1330 3817 errabun-

384 3835 435 3884 est,
455 3837 510 3877 mn
531 3838 598 3888 aurp
618 3826 714 3876 Kartha
740 3826 838 3889 todoth,
871 3827 1089 3891 (tastonam.
1106 3828 1173 3892 qrrod
1193 3836 1267 3877 eutr
1304 3846 1331 3881 ι.

384 3891 426 3941 rel
446 3902 517 3942 amn
537 3902 604 3953 anno
627 3890 724 3940 Kortia
742 3890 840 3953 bndtbn,
872 3892 1010 3946 rbernre.
1038 3890 1329 3955 Elisa,prirnnmbnns

384 3956 445 4006 urbs
456 3970 532 4005 nora.
545 3958 615 4005 cm.
873 3956 968 4017 regina
987 3968 1089 4011 nornen,
1106 3964 1148 4005 ost
1166 3956 1272 4018 ringor
1296 3959 1329 4009 ab

414 4018 508 4070 ‘Dide
524 4021 572 4085 (eir
588 4034 692 4069 m
712 4032 755 4068 m
773 4018 837 4067 ntra·
870 4018 934 4069 bart
946 4017 1329 4081 fortir,etnn·aimfnmina.

381 4082 464 4145 ςὴιιι
485 4084 554 4133 Pasa·
573 4084 682 4149 mn}
701 4082 837 4133 Freinsba·
870 4084 943 4147 eojus
963 4084 1072 4135 nominis
1093 4084 1168 4137 radix
1185 4093 1227 4137 ert
1244 4088 1329 4139 rsit

382 4147 522 4197 intonato
546 4147 650 4198 induxit
669 4150 696 4198 tn
718 4146 837 4197 fraudem
872 4147 920 4199 sir.
940 4149 1014 4200 Creo.

382 4210 495 4263 servin.
521 4212 589 4264 Dide
602 4219 645 4265 est
655 4213 760 4278 nunu,
771 4226 787 4263 a
797 4224 838 4263 ππ
