2917 4767
273 355 360 424 1846
748 373 782 422 r.
807 373 899 422 nrvrr

273 515 427 582 eonsules
442 512 570 597 imperii
585 517 743 597 potentes
759 515 849 592 lecit,
876 535 950 578 cum
966 515 1111 580 ambitio
1130 514 1290 580 ulterius
1306 533 1395 578 suan

272 617 415 700 primum
444 615 535 698 apud
565 634 626 678 eos
654 633 760 697 prava
798 615 1032 697 indulgentia⁹
1063 615 1300 699 majestatem
1333 617 1394 680 sol-

271 719 401 782 risset.⁸

313 817 368 884 «13.
392 817 579 895 Hannibal,
596 827 778 901 postquam
793 825 906 884 motos
919 821 1024 903 magis
1040 818 1251 884 inconsulte
1269 815 1393 882 Roma·

270 939 344 998 nos,
359 939 459 1004 quam
474 920 518 984 ad
533 921 686 986 ultimum
701 926 824 984 temera
843 929 992 998 evectos,
1010 921 1115 1001 ridit3
1143 919 1392 1002 nequicquam,

270 1022 405 1086 detecta
417 1021 596 1098 fraude,¹⁰‘
619 1022 654 1085 in
666 1029 777 1086 castra
791 1021 899 1086 rediit
945 1022 999 1086 lbi
1014 1023 1135 1106 plures
1155 1021 1390 1103 diespropur

267 1124 415 1207 inopiam
439 1123 594 1188 frumenti
616 1141 748 1186 manere
773 1123 956 1206 nequibat3
985 1143 1152 1206 novaque
1184 1121 1338 1186 consilia
1360 1123 1388 1183 in

268 1226 345 1290 dies
360 1244 427 1290 non
439 1225 532 1308 apud
545 1225 667 1290 milites
681 1225 803 1301 solum,
820 1224 944 1290 mixtos
958 1245 1003 1290 ex
1018 1224 1227 1290 colluvione
1244 1224 1385 1288 omniurn

269 1327 428 1406 gentium,
444 1326 507 1390 sed
521 1327 623 1390 etiam
639 1326 732 1408 apud
748 1327 861 1409 ipsum
880 1325 1011 1404 ducem,
1031 1327 1255 1390 oriebantur.
1304 1323 1383 1387 Num

268 1443 345 1490 cum
359 1427 455 1490 initio
470 1426 632 1503 fremitus,
647 1425 766 1490 deinde
779 1432 895 1509 aperta
908 1427 1106 1492 vociferatio
1118 1426 1253 1490 fnisset
1266 1443 1381 1506 expos·

250 1529 414 1594 santium
428 1526 630 1611 stipendium
649 1529 811 1607 debitum,
828 1530 1108 1612 querentiumque
1123 1547 1306 1596 annonam
1322 1529 1381 1608 pri-

266 1650 334 1705 mu,
358 1637 529 1713 postremo
552 1629 715 1708 samem;·
748 1638 783 1694 et
806 1629 1033 1696 mercenarios
1062 1631 1206 1707 milites,
1238 1631 1378 1692 maxime

267 1729 418 1813 Hispani
445 1732 586 1813 generis,
613 1730 656 1795 de
686 1731 883 1796 transitione
910 1732 1044 1816 cepisse
1076 1731 1270 1796 consilium
1296 1729 1378 1793 sama

266 1839 377 1897 esset:
399 1832 476 1915 ipse
497 1834 598 1898 etiam
620 1831 786 1900 interdum
809 1832 981 1898 Hannibal
1001 1833 1045 1896 de
1068 1832 1151 1915 suga
1171 1832 1210 1895 iu
1229 1830 1373 1895 Galliam

265 1933 386 1998 dieitur
407 1934 563 2016 agitasse,
587 1936 635 1999 ita
655 1941 704 2010 ut,
719 1933 838 1999 relicto
858 1934 1010 2016 peditatu
1032 1935 1133 2013 omni,
1149 1954 1237 1998 cum
1260 1933 1374 2016 equiti·

263 2035 361 2100 bus¹¹
377 2054 415 2098 sa
429 2036 623 2119 proriperet.
668 2035 757 2101 Cum
778 2036 852 2102 baee
877 2036 1021 2100 consilia
1045 2042 1147 2118 atque
1166 2035 1225 2100 hic
1242 2034 1370 2098 habitus

264 2137 446 2200 animorum
461 2143 551 2200 esset
564 2136 598 2199 iu
614 2137 748 2214 eastris,
764 2154 898 2200 movere
915 2136 993 2200 inde
1008 2137 1139 2212 statuit,
1157 2137 1196 2203 in
1212 2132 1369 2200 ualidiora

262 2243 363 2319 atque
386 2254 428 2298 eo
449 2236 630 2300 maturiora
650 2239 817 2303 messibus
838 2237 977 2319 Apuliae
998 2237 1098 2319 locu;
1120 2235 1229 2302 simul
1250 2243 1296 2311 ut,
1309 2253 1368 2316 quo

261 2336 393 2416 longius
405 2342 432 2373 ¹²
445 2337 488 2399 ab
504 2335 600 2400 hoste
616 2339 826 2414 recessisset,
851 2337 1040 2421 transfugio
1054 2337 1278 2423 impeditiora
1292 2335 1366 2399 leri·

261 2435 327 2500 bus
340 2437 480 2517 ingeniis
501 2438 636 2500 essent.¹
681 2437 859 2504 Proiectus
875 2447 928 2504 est
941 2447 1055 2517 nocte,
1069 2439 1208 2522 ignibus
1222 2436 1364 2502 similiter

260 2535 371 2616 factis,
386 2536 681 2620 tabemaculisque
696 2539 818 2621 paucis
833 2540 869 2602 in
884 2541 1036 2622 speciem
1052 2539 1189 2618 relictis,
1205 2543 1244 2602 ut
1258 2534 1361 2600 insidi·

261 2655 354 2701 arum
370 2656 434 2720 par
447 2637 550 2720 priori
565 2644 671 2702 metus
686 2639 873 2704 contineret
888 2639 1078 2705 Romanos.
1108 2639 1193 2717 Sed,
1210 2657 1273 2723 per
1287 2655 1359 2699 eun·

264 2738 342 2802 dem
366 2738 539 2803 Lucanum
561 2736 745 2817 Statilium,
769 2741 923 2804 omnibus
951 2741 1037 2805 ultra
1062 2749 1178 2806 eastra
1205 2749 1356 2818 transque

260 2847 391 2904 montes
412 2840 610 2921 exploratis,
630 2861 708 2904 enm
720 2841 872 2922 nrelatum
897 2847 997 2919 esset,
1017 2842 1128 2907 visum
1153 2841 1274 2925 procul
1286 2839 1356 2902 bos-

260 2941 342 3005 tium
358 2958 498 3024 agmen;
520 2951 593 3006 tum
608 2941 651 3005 de
666 2941 873 3024 insequendo
889 2962 931 3007 eo
945 2943 1089 3007 consilia
1104 2941 1223 3025 agitari
1239 2943 1353 3021 coepta

294 3119 413 3196 ‘Efficit
425 3125 453 3170 ut
462 3120 575 3176 curules,
586 3135 710 3183 paurum
696 3123 759 3170 ulter
769 3121 895 3170 rustitione
905 3127 976 3186 utque
984 3136 1059 3185 praru
1070 3121 1223 3184 indulgentis
1233 3119 1351 3168 anuum·-

259 3191 307 3234 ται
317 3199 384 3232 mm
393 3185 419 3235 tr
428 3185 516 3234 militer
523 3185 645 3249 mmor,
655 3184 725 3246 etsie
725 3199 750 3234 ur
760 3185 875 3248 inum
883 3191 990 3250 pumat,
1001 3201 1085 3249 eosque
1096 3185 1209 3236 tatanem
1218 3187 1280 3234 dictu
1289 3183 1348 3230 urdi-

258 3255 356 3361 malit
368 3313 560 3376 merentium
570 3312 648 3375 primo
659 3312 753 3374 quiden
763 3313 792 3362 de
807 3317 950 3363 commeato
966 3313 992 3362 d
984 3314 1080 3377 ffleult
1082 3319 1106 3364 te
1122 3319 1194 3378 utque
1208 3311 1293 3375 iuopia,
1303 3313 1348 3358 ur·

258 3378 312 3426 deur
322 3378 394 3426 uiam
404 3381 433 3426 de
443 3377 520 3436 sune.

258 3439 420 3564 “³3:3¹0
420 3439 577 3488 nobilitate·
567 3439 660 3500 ogerii
670 3440 776 3490 transire
786 3441 818 3489 ud
828 3440 907 3492 bostar
922 3441 1017 3500 uelint,
1034 3441 1156 3507 difficilia
1172 3439 1344 3506 mnarum

256 3692 361 3744 eedentr
371 3699 400 3742 et
409 3691 537 3756 sequenti
538 3691 613 3741 'Mire
623 3695 778 3744 Graiam-8
794 3695 946 3746 »mutant
955 3695 1023 3747 Edd.
1032 3701 1093 3746 ante
1101 3697 1217 3749 Crevier
1218 3689 1341 3752 -tconi

257 3761 368 3822 Rupert.
379 3759 808 3820 rpndurmrarpmriadulgeatiu.

290 3825 347 3874 tt‘
358 3824 446 3874 Verba
464 3826 557 3872 detecta
573 3822 663 3884 fraude
681 3825 793 3887 glossam
814 3823 951 3875 redolent)
972 3823 1153 3888 noerius-11
1173 3827 1232 3878 Cu
1249 3820 1340 3887 entim·

759 3967 866 4020 NO’l'AE

287 4065 297 4095 ῑ
312 4062 689 4127 Nequirqurrudetertnsruude]
700 4063 784 4116 imme
824 4079 881 4129 quo
893 4064 1007 4116 detecta
1015 4064 1131 4133 suerunt,
1139 4068 1246 4120 rediirra
1254 4059 1338 4116 flanti-

257 4137 356 4187 utiliter
367 4139 474 4188 detecte
482 4137 555 4187 fraus
566 4154 583 4186 ι
594 4139 716 4190 Romamn
726 4138 784 4190 fue·
824 4139 910 4192 balatu
921 4155 950 4192 re
961 4139 1067 4193 insecta.

257 4220 306 4263 rat.
326 4211 380 4261 Sed
391 4213 456 4268 vult,
467 4213 560 4277 positia
570 4211 667 4264 trurtrr
675 4215 784 4278 insidiis,
