2917 4767
201 262 287 345 1472
675 282 709 331 r.
734 281 832 330 urvrr

362 422 412 483 Ibi
433 429 537 503 sponte
564 421 777 503 oppidanorum
796 431 931 504 receptur
953 420 993 484 ed
1011 423 1105 504 iprum
1126 422 1347 485 Pomormum
1377 396 1387 411 ⁹

361 528 458 579 cmtre
470 519 571 591 morit,
582 520 630 579 cui
640 521 679 579 ab
695 529 868 598 argumento
880 530 981 601 portus
997 521 1168 601 emplimimi
1176 520 1348 603 pulcher-

361 614 485 695 rimique
502 634 607 676 nomen
625 625 670 677 eet
689 617 825 677 inditum.
867 616 941 678 Hoc
953 637 1072 697 quoque
1089 618 1224 698 pervim
1241 636 1349 677 oocu-

363 721 444 791 pete,
471 731 540 771 cum
560 712 678 793 insuper
699 711 798 773 locum
826 714 880 793 qui
904 714 1054 794 Epieirete
1083 724 1227 782 vocatur,
1257 712 1348 773 inter

203 792 352 889 intybum.
366 807 549 869 Panormum
566 816 597 869 et
612 808 740 889 Erycem
752 810 784 869 in
797 819 897 871 monte
906 830 1032 882 emeno,
1041 809 1093 874 sed
1104 809 1209 871 arduis
1224 828 1344 869 noceo-

365 903 455 974 aibue‚
476 904 576 973 eitum,
597 906 737 985 cepissem
759 905 895 967 univerae
908 908 975 985 jem
992 906 1144 987 provincie
1156 904 1346 981 Carthagi-

366 1000 507 1059 niensium
516 1001 828 1083 potiebowr,exoepto
836 1002 981 1083 Lilybaeo.
1002 1003 1208 1076 Hanoeutem
1221 1000 1345 1059 urbem

214 1111 280 1160 Dion
299 1116 424 1161 na-non
448 1086 494 1155 ita
516 1096 628 1179 pridem
651 1097 741 1159 Poeui
765 1098 971 1171 condiderant,
994 1109 1029 1160 nt
1050 1098 1279 1179 Motyeueibus
1302 1114 1344 1155 ea

204 1127 348 1293 ffiffffl·
366 1192 450 1253 eedee
468 1192 553 1263 foret,
574 1214 696 1272 quorum
717 1194 858 1276 oppidum
888 1195 1049 1276 Dionyuiua
1068 1205 1213 1276 tyre-uuus
1248 1190 1343 1253 bello

275 1278 282 1292 ’
338 1277 346 1295 ”
369 1288 605 1367 Carthaginiensi
625 1290 765 1351 diruerat
816 1290 894 1351 Cum
916 1293 1003 1370 igitur
1024 1313 1063 1353 ex
1078 1292 1160 1353 omni
1181 1288 1278 1370 quod
1308 1288 1340 1347 in

371 1384 475 1445 Sicilia
487 1386 651 1447 habuerunt
663 1388 785 1468 imperio
802 1408 869 1468 epee
889 1408 959 1447 miae
970 1408 1061 1449 unum
1071 1390 1158 1449 isaim
1175 1387 1207 1447 in
1226 1385 1341 1446 locum

370 1480 524 1541 conclusae
551 1482 684 1543 viderent
708 1483 807 1555 Poeni,
833 1494 992 1564 apparatae
1017 1484 1057 1546 ed
1087 1482 1285 1543 obsidionem
1319 1498 1340 1537 e

371 1574 491 1657 Pyrrho
510 1577 574 1637 lieri
594 1580 763 1651 sentientes,
784 1582 944 1659 majoribus
954 1600 1022 1641 eam
1039 1579 1151 1640 viribus
1161 1575 1339 1637 defendere

372 1674 572 1736 decreverunt.

412 1776 463 1831 14.
486 1769 663 1833 Introducto
684 1773 773 1850 igitur
789 1793 848 1833 nou
868 1772 1033 1852 spernendo
1057 1771 1162 1831 robore
1180 1768 1337 1836 militum,

370 1875 595 1946 commeatuque
612 1868 743 1947 copioao,
765 1868 869 1929 edhaoc
885 1888 994 1947 mogon
1012 1867 1044 1927 vi
1063 1866 1277 1926 machinarum
1299 1880 1339 1921 ac

371 1960 507 2033 telorum,
522 1964 621 2041 (cujus
642 1965 684 2023 rei
700 1964 828 2025 locultae
845 1965 914 2045 ipaia
925 1963 1026 2044 emple
1042 1971 1119 2034 eret,
1132 1961 1214 2040 qnod
1227 1962 1263 2020 iu
1278 1978 1336 2039 po-

374 2065 480 2117 teatete
489 2059 1077 2140 mareheberent,)adoppidumundique
1086 2054 1336 2138 permuniendum

374 2170 482 2229 megan
491 2172 563 2213 cura
573 2175 604 2215 ee
617 2155 812 2217 contulerunt
854 2156 1024 2236 Praecipue,
1038 2174 1098 2234 qua
1116 2163 1194 2215 terre
1204 2151 1338 2233 petebat

376 2246 483 2318 editus,
496 2250 606 2309 crebrae
628 2259 720 2309 turres
739 2253 880 2311 excitate
891 2262 970 2322 aunt,
991 2251 1112 2329 letoque
1128 2249 1209 2309 foere
1228 2247 1336 2307 facte:

376 2342 499 2405 celerius
510 2364 598 2424 opere
615 2345 802 2425 procedente,
814 2348 894 2425 quod
907 2350 1019 2425 mejore
1031 2347 1077 2407 eui
1089 2354 1172 2426 perte
1184 2352 1334 2405 mettun

377 2438 406 2497 in
420 2441 556 2501 ceutibue
570 2442 691 2501 merinis
710 2442 851 2523 oppidum
871 2452 935 2503 toto
948 2441 1001 2503 illo
1020 2442 1118 2522 npetio
1137 2460 1228 2501 manu
1247 2438 1335 2498 fecta

376 2536 558 2597 munimento
585 2537 667 2599 nulle
691 2537 888 2599 desiderabat.
944 2538 1045 2599 Miaaia
1069 2538 1180 2599 interea
1213 2533 1334 2613 legetis.

376 2651 547 2712 quenquam
560 2632 599 2693 ad
612 2630 724 2698 bellum
737 2652 858 2713 maguoa
870 2644 1031 2715 epparetua
1039 2634 1180 2703 lecerunt,
1192 2649 1334 2710 maguae·

214 2748 298 2799 Zonrr.
378 2747 436 2806 que
456 2731 567 2811 copies,
586 2749 654 2791 cum
675 2730 805 2803 aliunde,
819 2740 883 2791 trun
900 2731 991 2791 etiam
1008 2750 1048 2791 ex
1070 2728 1175 2798 Itclin,
1196 2722 1334 2788 mercede

232 2835 297 2887 Prot,
325 2836 350 2885 in
379 2826 593 2897 conduxerant,
606 2828 631 2889 ai
646 2846 706 2908 pex
720 2828 812 2907 aequin
823 2826 1040 2888 conditionibus
1059 2824 1209 2905 impetrari
1221 2826 1333 2903 posset,

215 2900 319 3014 ἔξω
345 2916 368 2952 ⁰·
381 2923 535 3006 pecuniam
548 2933 580 2983 et
591 2924 716 2985 claeaem
729 2923 954 3004 pollicebantur.
997 2922 1142 2981 Pecuniae
1154 2919 1333 2981 mentionem

233 3029 334 3082 Diodor.
381 3040 439 3081 uon
453 3019 571 3081 admisit
583 3020 728 3101 Pyrrhua,
743 3022 830 3081 urben
841 3040 916 3101 quas
931 3026 1129 3099 occupeverat
1146 3016 1273 3077 retinere
1282 3031 1334 3073 eu·

382 3118 490 3198 piena:
512 3116 550 3176 de
575 3117 710 3197 Lilybaeo
730 3126 830 3179 manen
855 3135 1044 3179 conoeeeurua
1065 3112 1234 3175 videbatur.
1272 3104 1334 3167 Sed

281 3278 285 3285 ,
382 3212 469 3274 amici
484 3214 570 3289 regis,
587 3212 799 3292 civitatumque
813 3210 980 3273 Sicularum
990 3209 1148 3291 principer,
1161 3215 1241 3268 metu
1258 3205 1334 3265 cnr·

383 3306 609 3385 rheginiensium
621 3316 793 3369 vocaturum
806 3328 870 3369 erae
880 3308 1006 3369 inuelem
1015 3314 1168 3384 uegnutea,
1181 3303 1277 3363 donec
1290 3298 1333 3359 illi

383 3411 498 3463 tentum
511 3403 643 3463 relentea
655 3404 798 3465 classibus
807 3404 984 3484 Lilybaeum,
994 3412 1136 3482 tauquam
1143 3399 1239 3461 sonim
1247 3416 1335 3477 quas·

384 3498 454 3559 dem
468 3498 506 3559 ed
518 3501 738 3561 exscensionem
750 3501 921 3563 laciundcm
934 3509 1064 3580 porratae,
1078 3505 1223 3567 tenerent,
1232 3513 1335 3574 perpu-

387 3594 494 3665 lerunt»
507 3604 540 3659 ul
551 3615 640 3655 unem
660 3618 722 3658 esee
742 3596 1077 3679 reaponderetemicitiae
1088 3592 1298 3659 conditionem,
1311 3586 1334 3645 ai

253 3727 288 3761 o.
390 3692 524 3751 univerae
539 3691 644 3753 Sicilie
656 3693 794 3754 cedentes
814 3696 963 3774 utriusque
976 3692 1089 3773 imperii
1102 3690 1259 3751 terminum
1275 3702 1334 3748 east

251 3807 276 3854 io
294 3824 328 3857 ο.
389 3806 469 3847 mare
478 3798 656 3867 paterentur.

430 3890 480 3945 lt.
503 3884 554 3945 lta
570 3904 622 3965 epe
646 3886 882 3966 paciadiecnaea,
905 3886 1037 3967 protinus
1060 3884 1100 3946 nd
1127 3884 1230 3943 urbem
1255 3880 1336 3956 nigro

391 3980 500 4040 movit:
522 4002 617 4062 neque
630 3983 732 4064 procul
746 3984 835 4043 muris
855 3994 954 4045 contre
965 3992 1105 4052 notatae,
1126 3975 1284 4057 manipulis
1297 3974 1336 4031 ite

391 4076 551 4163 dispositio,
565 4087 598 4138 ut
609 4079 714 4143 defessi
727 4100 747 4141 a
768 4081 935 4143 recentibua
955 4101 1007 4162 per
1028 4080 1109 4140 vices
1127 4074 1336 4154 exciperentur,
