2917 4767
722 368 754 416 Τ.
779 368 873 417 ulvn

405 499 509 588 sesque
519 508 618 568 multis
627 509 736 590 praeliis
743 510 846 580 victos,
858 508 1083 569 desciscentibus
1091 512 1197 591 psssim
1210 510 1376 591 Libybus,

404 607 435 664 in
444 607 604 665 maximum
613 606 774 686 periculum
782 615 949 687 metumque
957 608 1104 686 conjecit:
1118 607 1376 667 donumdeinde

257 719 393 769 Juotaxv.
405 722 545 773 reversus,
561 701 665 763 Sicilia
684 712 749 763 tota
766 704 892 785 expulit,
910 703 1005 763 donec
1026 690 1102 764 mors
1122 706 1208 783 regis,
1222 714 1254 763 et
1266 724 1307 763 ex
1319 724 1373 763 ea

240 788 267 834 ²·
404 800 508 868 turbae,
522 818 602 877 spem
616 798 719 858 iterum
734 800 975 878 occasionemque
989 799 1154 878 repetendae
1167 800 1374 881 wionis

405 903 587 974 aperuerunt.
630 894 760 965 Exinde,
774 905 808 954 ut
824 893 963 964 diximus,
981 896 1064 954 verio
1078 894 1177 953 Marte
1189 914 1257 954 cum
1272 894 1368 973 Pyr-

250 994 267 1045 J
270 1004 391 1048 cmxliv.
403 988 456 1047 rho
470 987 628 1061 bellavere,
643 989 682 1049 ad
695 999 858 1050 extremum
872 990 1042 1070 superiores.
1086 988 1208 1049 Interim
1217 991 1309 1049 etiam
1324 990 1367 1048 in

241 1065 266 1109 ⁶·
404 1082 554 1165 Hispania
564 1086 699 1145 civitates
718 1085 855 1167 quedam
873 1086 1068 1165 stipendiaria
1083 1084 1181 1155 iactae,
1202 1104 1272 1144 cum
1286 1084 1365 1143 Ga-

402 1178 509 1239 ditanis
521 1200 606 1261 opem
621 1180 759 1241 adversus
769 1181 885 1241 accolas
901 1183 1078 1261 petentibus,
1097 1188 1223 1258 cognato
1240 1178 1365 1259 populo

239 1284 345 1350 Certim,
352 1301 393 1338 ιν.
403 1278 485 1350 (nem
498 1285 529 1336 et
549 1276 653 1336 Gades
673 1277 757 1357 Tyrii
777 1276 979 1355 condiderant)
1003 1278 1147 1337 auxilium
1169 1275 1362 1353 Carthagine

237 1354 266 1462 ⁴5·
402 1372 530 1441 missum,
550 1372 662 1431 vicinas
682 1373 797 1451 aliquot
818 1372 974 1453 Hispaniae
995 1375 1126 1452 regiones
1146 1372 1256 1432 Punici
1273 1370 1362 1449 juris

238 1420 391 1526 amm·
400 1463 481 1525 fecit.
523 1465 556 1525 Is
569 1466 658 1526 ferme
672 1468 859 1545 Carthaginis
876 1477 969 1527 status
981 1478 1054 1541 erat,
1069 1488 1128 1547 qno
1140 1476 1272 1547 tempore
1285 1466 1359 1525 bel·

238 1540 389 1608 P⁰¹5b·¹·¹⁰·
400 1559 460 1619 lum
474 1560 612 1621 adversus
625 1554 782 1623 Romanos
791 1584 928 1623 sumsere.
1312 1610 1313 1615 κ

439 1664 489 1716 10.
511 1656 643 1719 Siciliam
656 1678 736 1730 vero,
746 1679 807 1739 qua
820 1660 946 1719 Punicae
953 1656 1055 1717 ditioni
1062 1658 1196 1735 subjecta
1206 1674 1264 1716 non
1273 1667 1356 1729 erat,

399 1754 502 1830 majori
515 1773 553 1812 ex
566 1764 648 1833 parte
663 1753 852 1834 Syracusani,
864 1763 896 1813 et
916 1774 968 1813 rex
983 1772 1082 1813 eorum
1106 1752 1204 1812 Hiero
1217 1752 1355 1831 posside-

235 1850 320 1916 Polyb.
333 1868 351 1903 1.
362 1858 387 1905 t.
398 1848 465 1906 bat:
485 1848 600 1927 reliqua
613 1849 858 1909 Mamertinorum
876 1851 963 1909 armis
984 1850 1167 1907 tenebantur.
1209 1847 1239 1905 Ii
1251 1846 1355 1907 donec

398 1942 600 2003 Romanorum
617 1946 667 2024 qui
682 1944 833 2023 Rhegium
854 1953 1069 2024 occupaverant
1083 1944 1222 2003 societate
1237 1942 1282 2031 uti
1295 1964 1354 2023 po·

396 2047 487 2109 tuere,
501 2059 554 2098 sua
564 2038 727 2100 delendisse
741 2059 798 2100 non
813 2041 953 2109 contenti,
966 2042 1056 2099 etiam
1070 2039 1202 2099 Punicos
1215 2038 1351 2119 Syracu-

267 2124 279 2135 ”
394 2152 537 2213 sanosque
550 2134 624 2194 fines
636 2136 843 2196 incursabant:
864 2134 989 2214 denique
998 2134 1107 2215 oppida
1117 2133 1226 2194 Siciliae
1239 2133 1350 2206 multa,

395 2240 454 2307 quo
466 2231 658 2289 vastationem
671 2249 805 2308 agrorum
821 2239 852 2289 et
874 2230 933 2289 alia
954 2227 1140 2291 incommoda
1157 2228 1350 2299 redimerent,

394 2322 519 2400 vecu'gai
533 2325 659 2404 pendere
672 2333 847 2404 coegerunt:
868 2326 921 2384 sed
930 2326 1180 2406 expugnetaurbe
1191 2324 1349 2403 Rhegina,

394 2416 649 2495 defectoribusque
660 2420 806 2498 supplicio
819 2418 944 2489 affectis,
958 2421 1060 2480 nudati
1068 2420 1125 2479 hoc
1132 2420 1263 2480 subsidio
1273 2419 1348 2479 Ma-

395 2512 510 2571 mertini
529 2512 638 2590 priores
658 2532 729 2593 opes
750 2514 824 2572 tueri
845 2515 1058 2593 nequiverunt:
1079 2523 1110 2573 et
1125 2515 1236 2574 amissis
1251 2514 1347 2574 lerme

394 2624 461 2686 qum
474 2615 558 2665 extra
569 2606 739 2666 Messanam
753 2617 916 2677 tenuerant,
925 2608 963 2667 de
976 2610 1047 2669 urbe
1060 2610 1123 2689 ipsa
1131 2629 1198 2669 cum
1208 2608 1347 2670 Hierone

395 2700 581 2781 Syracusano
593 2702 785 2761 dimicabant.
816 2700 865 2761 De
878 2722 938 2781 quo
951 2724 1029 2780 rege,
1042 2705 1180 2783 quoniam
1193 2704 1256 2783 ipse
1267 2724 1345 2783 quo-

393 2817 451 2875 que
471 2797 649 2877 temporibus
669 2796 773 2857 iisdem
796 2796 887 2855 hostis
907 2798 1008 2878 populi
1035 2798 1176 2870 Romani,
1198 2820 1267 2859 mox
1289 2820 1346 2879 per
1406 2838 1409 2845 ·

391 2912 482 2951 annos
494 2912 564 2951 sane
577 2893 685 2953 multos
696 2892 794 2953 socius
814 2901 845 2951 et
863 2894 974 2953 amicus
990 2892 1183 2971 fidelissimus,
1196 2904 1227 2953 et
1239 2894 1346 2973 ingens

390 2987 430 3045 ad
443 3008 488 3046 res
499 2987 717 3048 constituendas
737 2996 915 3046 momentum
936 2987 1002 3058 fult,
1019 2989 1108 3067 psulo
1128 2990 1274 3070 copiosius
1286 3014 1343 3055 ex-

391 3083 556 3162 ponendum
579 3093 671 3163 puto:
702 3103 771 3143 nam
791 3091 822 3142 et
843 3083 873 3141 in
893 3102 930 3143 eo
947 3102 1014 3143 rara
1033 3083 1170 3156 felicitas,
1187 3096 1218 3145 et
1232 3108 1343 3167 magna

391 3179 494 3248 virtus,
514 3187 545 3236 et
566 3176 728 3257 pmdentim
751 3178 795 3237 vis
818 3178 926 3236 eximie
946 3176 1019 3237 luit:
1048 3198 1142 3257 eaque
1166 3188 1341 3261 tempestate

393 3271 642 3351 Syracusanorum
659 3292 731 3352 opes
742 3281 774 3331 et
785 3270 943 3332 floruerunt
954 3292 1021 3333 cum
1036 3274 1180 3348 Hierone,
1196 3286 1227 3339 et
1238 3282 1340 3341 conci-

391 3367 506 3427 derunt.

230 3477 379 3593 {wip
431 3459 675 3615 {123⁰ng
693 3459 1081 3619 pplloerplepupldiritipppm,
1095 3486 1190 3621 neppe
1203 3468 1305 3623 {lionis
1319 3491 1341 3531 a

229 3621 278 3655 ω’
389 3575 978 3715 bunditbiiririrtunrcsmbuarhusibiudebhiii
992 3575 1337 3737 noiapirYIpliiriqridiwaii

390 3766 526 3827 magnam
534 3748 694 3827 potentiam
703 3767 742 3807 ex
751 3749 830 3807 tenui
841 3748 906 3809 loco
914 3750 1161 3834 criminationibu
1169 3752 1335 3831 meliorum,

389 3853 441 3904 aut
452 3864 524 3904 nece
538 3842 645 3921 fugare
666 3842 881 3902 adversantium
902 3854 1066 3924 provectus,
1083 3848 1135 3907 sed
1147 3849 1293 3911 modaefia
1304 3861 1336 3913 et

388 3942 418 3999 in
431 3937 567 4020 parandis
577 3938 693 4019 opibus,
707 3938 778 3998 etin
799 3940 952 4011 habendis,
970 3942 1125 4019 singulari:
1146 3953 1225 4004 recte
1238 3949 1334 4027 conji-

387 4036 477 4106 ciens,
495 4033 608 4095 nullum
620 4054 682 4094 esse
702 4052 821 4111 regnum
834 4034 976 4107 stabilius,
991 4054 1081 4116 quam
1093 4037 1173 4117 quod
1186 4039 1229 4098 ita
1246 4060 1334 4103 exer·

387 4138 480 4203 cetur,
502 4139 535 4191 ut
551 4132 645 4211 magis
667 4130 723 4193 hoc
742 4130 864 4193 timeant
884 4133 1016 4195 amittere
1036 4135 1142 4215 quibus
1160 4136 1332 4217 imperatur,
