2917 4767
241 357 328 432 lrez
713 372 749 422 r.
773 373 864 422 erun

282 517 337 580 44.
361 513 611 597 ‘Quocumque
625 511 812 578 circumtuli
828 514 961 592 ocules,
982 516 1082 598 plena
1103 515 1227 580 omnia
1243 515 1341 582 rideo
1437 517 1439 552 ³

241 619 425 688 animorum
439 635 481 681 ac
495 615 645 694 roboris;
668 623 857 680 veteranum
883 614 1045 699 peditem,
1067 615 1342 696 generosissime·

238 738 309 782 rum
331 717 478 798 gentium
492 717 628 799 equites
643 715 800 780 t‘roeuatos
814 723 846 780 ct
861 716 1076 794 inireeuutos,¹
1090 735 1152 780 ros
1166 716 1290 780 socios
1304 718 1343 778 ti-

240 818 430 886 delisaimos
451 817 726 900 fortissimosque,
748 835 810 880 vos
830 817 1132 897 Carthaginienses,
1148 837 1231 882 cum
1246 824 1274 852 ¹⁰
1298 818 1343 880 ob

239 921 396 1002 patriam,
411 927 479 984 tum
495 920 538 983 ob
551 919 634 984 iram
644 918 879 1002 justissimam,
891 931 1112 1000 pugnaturos.
1157 917 1340 981 Inserimns

238 1021 373 1096 bellum,
397 1019 594 1102 infestisque
616 1020 720 1100 signis
745 1019 978 1084 descendimus
1002 1021 1037 1083 in
1064 1019 1215 1096 ltaliam,
1248 1023 1340 1082 tento

238 1121 400 1186 audacius
420 1120 603 1202 fortiusque
618 1121 806 1203 pugnaturi,
822 1129 947 1204 quanto
963 1122 1069 1206 major
1083 1139 1175 1203 spes,
1190 1119 1304 1202 major
1315 1127 1337 1155 ¹¹
1440 1119 1441 1138 ³

238 1227 291 1286 est
305 1221 437 1287 animus
451 1220 625 1285 inferentis
639 1221 718 1298 vim,
741 1241 842 1304 quam
864 1223 1020 1286 arcentis.
1064 1219 1237 1285 Accendit
1252 1237 1337 1302 prae·

237 1329 326 1387 terea
341 1323 472 1386 animos
486 1327 522 1385 et
536 1322 687 1386 stimulat
701 1321 805 1398 dolor,
818 1322 947 1406 injuria,
959 1323 1148 1403 indignitas.
1183 1319 1246 1384 Ad
1258 1338 1338 1400 snp-

236 1424 376 1507 plicium
389 1423 657 1506 depoposcerunt
669 1443 722 1487 me
739 1424 859 1488 ducem
874 1425 1025 1506 primum,
1037 1423 1156 1486 deinde
1175 1441 1244 1485 vos
1267 1439 1336 1483 om·

236 1541 307 1600 nes,
321 1523 379 1607 qui
392 1524 579 1607 Saguntum
602 1527 879 1608 oppugnassetis:
903 1526 1033 1589 deditos
1055 1524 1181 1588 ultimis
1206 1523 1338 1587 crucie-

236 1624 325 1688 tibus
336 1624 485 1690 effecturi
499 1624 639 1691 luerunt.
683 1626 922 1692 crudelissima
936 1645 977 1690 ec
994 1626 1241 1709 superbissime
1256 1641 1335 1704 gens

235 1726 420 1790 suaomnin
433 1727 554 1810 suique
569 1727 699 1792 arbitrii
717 1729 810 1793 facit.
855 1727 940 1792 Cum
963 1727 1087 1808 quibus
1102 1727 1241 1802 bellum,
1257 1743 1333 1788 cum

235 1826 358 1907 quibus
372 1845 491 1909 pacem
505 1827 699 1905 habeamus,
713 1847 752 1892 se
766 1829 901 1896 modum
912 1831 1082 1911 imponere
1097 1845 1236 1908 aequum
1253 1843 1332 1890 cen·
1442 1847 1443 1870 1

234 1935 298 1996 set.
343 1925 595 1994 circumscribit
614 1926 822 2013 includitque
840 1949 902 1996 nos
923 1929 1071 1994 terminis
1086 1928 1256 1992 montium
1270 1923 1329 1988 flu-

234 2027 438 2111 minumque,
453 2019 541 2111 quos*
557 2050 599 2094 ue
617 2030 822 2098 excedamus
835 2042 867 2102 t·
890 2049 997 2112 neque
1014 2047 1083 2105 eos,
1098 2045 1187 2110 qnos
1201 2027 1330 2099 statuit,

234 2127 389 2192 terminos
402 2129 567 2196 observat
601 2131 657 2196 Ne
673 2132 840 2196 transieris
857 2130 992 2194 Iberum
1003 2129 1032 2195 ι’
1053 2126 1187 2209 nequid
1205 2127 1255 2190 rei
1270 2125 1329 2187 tibi

232 2228 277 2289 sit
290 2247 365 2291 curn
379 2228 584 2310 Saguntinis.
615 2230 671 2294 Ad
687 2231 824 2296 Iberum
839 2235 891 2297 est
906 2230 1117 2310 Seg.untum.¹¹
1145 2225 1328 2308 Nusquam

233 2333 266 2388 te
281 2327 420 2409 vestigio
433 2331 588 2394 moreris.
632 2329 829 2408 Pammeni,
845 2329 936 2414 quod
957 2328 1176 2393 ueterrimae²
1192 2326 1329 2410 previu-

231 2428 305 2491 cias
326 2447 420 2492 meas
439 2429 591 2494 Siciliam
613 2439 648 2498 et
672 2429 861 2510 Sardiniam
888 2428 1019 2500 adimis.
1063 2427 1176 2496 Etiam
1197 2427 1327 2510 Hispa-

263 2634 277 2660 ·
294 2627 374 2678 Extra
385 2629 509 2695 panefisei
519 2631 656 2693 eumeuii
664 2635 777 2682 notemur.

686 2789 715 2810 N
717 2789 869 2812 ΙΙΙΙΙΙ

261 2920 293 2964 lt)
311 2915 370 2965 rus
381 2915 447 2965 Edd.
457 2922 518 2965 aute
529 2917 709 2967 Creusa—ll
726 2919 735 2947 ‘
746 2919 888 2982 Fortisaqae
897 2916 1030 2980 pugnaturi
1038 2921 1124 2978 qunatn
1132 2917 1269 2984 mqy'erspes
1277 2935 1324 2969 aaa·

220 2977 315 3039 jer-que.
358 2979 427 3042 Lege
445 2993 503 3028 cum
525 2981 606 3040 primo
625 2983 797 3042 scriptorum
819 2987 885 3027 rnatu
905 2979 1018 3028 nudnciea
1028 2979 1166 3043 fortiusque
1184 2983 1323 3046 motari,

228 3057 298 3102 quum
314 3042 397 3102 iustis,
410 3046 496 3104 quanto
513 3041 587 3102 unior
601 3055 663 3106 apes,
678 3042 753 3101 aanor
767 3047 804 3091 est
820 3045 912 3098 artimus
925 3043 1048 3102 inserentis
1061 3044 1109 3093 nim
1125 3059 1193 3108 quum
1204 3052 1322 3098 oronim:

229 3105 278 3154 etri
290 3106 372 3168 pessis
383 3107 479 3156 habere
489 3112 638 3169 suspectum
648 3104 677 3155 ri
686 3121 756 3172 qaam
767 3106 850 3158 iestis.
879 3107 938 3157 Lib.
950 3119 994 3156 nr.
1011 3115 1018 3135 ¹
1030 3107 1062 3156 ln
1071 3112 1242 3172 questoribus
1252 3114 1322 3164 noris

719 3267 827 3320 ΝΟΤΕ

260 3391 269 3415 ·
297 3382 395 3443 Equites
407 3380 528 3438 frenatos
552 3387 577 3430 et
602 3379 754 3446 inimcos]
825 3381 999 3434 “Addimus
1013 3387 1050 3434 cet
1066 3381 1213 3445 Sumtus]
1236 3385 1318 3434 immo

227 3459 281 3506 Per
302 3454 451 3504 infrenatos
468 3455 648 3518 intelliguntur
661 3459 753 3507 Numi·
793 3458 830 3508 eis
841 3459 955 3514 Iberum,
967 3459 1034 3508 intra
1044 3457 1110 3507 finer
1122 3459 1319 3522 Carthaginien·

227 3532 277 3593 dae,
297 3529 340 3593 qul
358 3543 437 3592 eques
452 3530 506 3578 sine
522 3528 610 3580 irenis
632 3532 753 3596 agebant,
791 3534 861 3584 sibus
872 3547 1017 3583 concessos.
1050 3533 1102 3581 Sed
1120 3532 1251 3582 Hannibal
1269 3535 1319 3584 Ro·

226 3619 277 3668 qun
294 3609 397 3665 spectat
408 3602 470 3650 illud
482 3603 590 3653 Didonis
605 3606 674 3668 apud
690 3607 752 3656 Vir·
795 3623 883 3659 manns
896 3606 994 3657 inducit
1005 3609 1054 3657 line
1072 3605 1137 3656 falso
1154 3607 1319 3671 affirmantes,

226 3678 271 3740 qil.
296 3678 348 3726 ‘Et
367 3677 488 3727 Numine
508 3678 610 3729 infreni
631 3681 754 3744 cingunt-⁸
795 3699 845 3749 quo
863 3683 984 3732 inuidiam
996 3683 1032 3732 eia
1051 3682 1118 3745 apud
1131 3682 1227 3731 milites
1240 3691 1318 3734 creet.

226 3753 281 3802 Per
290 3752 410 3811 sroettsslvfl
420 3759 506 3802 tutem
526 3754 705 3818 initlllsssssslut
716 3771 755 3808 re·
794 3761 926 3822 Ceterum,
934 3761 982 3809 etsi
991 3766 1066 3809 extra
1076 3759 1245 3810 Romanorum
1257 3769 1318 3811 tunc

225 3828 299 3893 liqui,
315 3827 385 3878 Galli
398 3827 497 3877 scilieet
508 3834 536 3878 et
548 3827 668 3892 Hispani,
679 3832 752 3896 eqni·
793 3837 888 3886 limites
902 3837 1033 3898 Saguntos
1050 3841 1128 3896 esset,
1144 3837 1213 3885 aneia
1232 3843 1316 3886 tamen

224 3911 274 3965 tes,
286 3917 349 3968 quos
360 3917 417 3952 cum
430 3900 501 3953 Afris
512 3905 564 3954 suia
582 3905 713 3955 Hannibal
723 3906 750 3956 in
792 3913 913 3962 Romanis
925 3911 1016 3960 eirltas
1027 3919 1093 3960 erat.

225 3977 472 4030 exereitnlmbebat.
822 3995 835 4020 ¹
852 3989 943 4036 Puram
956 3992 1001 4041 eat,
1018 3987 1079 4048 quod
1095 3983 1248 4046 ueterrimas]
1266 3986 1316 4036 Hie

264 4056 335 4106 ‘Ne
355 4055 479 4104 trnasinia
496 4055 603 4120 uerum]
631 4058 749 4109 Mimesis
791 4061 922 4113 inducitur
954 4058 1173 4122 Carthaginiensis
1206 4061 1316 4123 populna

224 4135 274 4185 ast,
285 4143 336 4193 qua
346 4130 501 4181 inducuntur
513 4131 623 4182 Romani
640 4136 749 4187 Cartha·
790 4149 948 4202 conquerens
960 4135 993 4185 de
1005 4133 1177 4184 Romanorum
1189 4131 1316 4200 injurioso

221 4205 378 4278 giniensibus
387 4205 473 4269 tegern
483 4205 608 4258 dicentes.
788 4213 906 4280 imperio.
