2917 4767
231 332 317 399 1556
710 346 745 395 r.
771 346 861 395 nrvrr

394 488 454 547 iuro
467 508 512 547 res
530 488 560 547 io
573 486 682 547 Africa
698 488 889 567 prosperrime
911 496 1058 565 gererem
1076 508 1114 549 ex
1134 486 1235 549 medio
1256 510 1351 551 cursu

393 584 579 643 victoriarum
602 585 734 643 revocari
756 603 813 643 non
837 584 966 663 placuit:
991 586 1149 664 jussusque
1169 586 1355 665 proconsule

392 679 503 739 balium
516 681 546 739 in
560 679 669 739 Africa
680 678 892 739 administrare.

245 786 297 855 Ltr.
313 786 380 850 Epir.
434 783 483 835 14.
511 775 550 835 ld
568 774 852 835 senatusconsultum
874 796 960 835 nemo
981 777 1096 856 aceepit
1113 776 1229 853 aegrius,
1250 796 1353 856 quam

229 866 310 899 ¹'¹¹¹·
392 870 470 931 idern
483 871 547 941 iiie,
559 873 645 949 cujas
657 872 688 931 in
703 872 849 931 honorem
863 870 975 931 factum
988 871 1093 931 fuerat.
1137 869 1233 949 Igitur
1249 871 1352 931 literis

228 978 380 1028 Froncsert.
392 967 430 1028 ad
443 977 577 1028 senatore
590 968 684 1027 missis
702 988 741 1027 ea
761 968 799 1027 de
820 987 851 1027 re
868 976 987 1047 questus
1006 976 1061 1037 est,
1085 968 1219 1047 interque
1235 987 1351 1029 conans

227 1048 378 1155 332330„
391 1064 694 1143 peenutmoeerore
713 1063 822 1143 posuit,
845 1062 955 1123 ‘vinici
968 1064 1013 1123 eut
1027 1064 1136 1123 more’
1159 1063 1347 1141 (negotium

228 1171 299 1229 viem,
307 1188 329 1222 ο.
338 1176 378 1222 ln.
391 1159 463 1230 heri,
476 1178 564 1239 qoem
577 1160 709 1219 habebat
719 1158 749 1218 in
761 1158 907 1238 Pupinia,
915 1160 1054 1236 jugerum
1066 1166 1180 1237 septem
1192 1158 1346 1234 coluerat)

227 1235 377 1300 ⁰³⁰⁸P·V⁸'
391 1254 618 1313 ‘mercenarium
630 1254 815 1315 occasionem
828 1263 960 1325 necuim,
971 1262 1070 1313 amoto
1083 1252 1151 1313 inde
1164 1254 1344 1313 instrumen-

226 1301 376 1414 'Meua
389 1356 431 1418 to,
446 1349 608 1407 discessisse
621 1368 629 1407 ε
650 1369 741 1428 quare
755 1350 949 1411 necessadarn
961 1368 1024 1409 esse
1036 1349 1224 1430 parentiam
1241 1368 1343 1419 susm,

228 1442 264 1476 Ν·
275 1433 300 1478 ⁴·
311 1433 335 1477 ⁰·
388 1463 426 1503 ne
438 1464 503 1503 rure
516 1443 631 1504 deserto
644 1464 702 1504 uon
716 1453 793 1505 esset
806 1444 883 1505 unde
905 1463 980 1504 uxor
1003 1442 1145 1523 liberique
1164 1444 1209 1505 sui
1224 1444 1342 1509 oleren-

387 1539 454 1599 tur.’
497 1538 695 1619 Decrevitque
716 1548 845 1611 matus,
867 1548 920 1600 ‘ut
932 1558 1001 1618 eger
1020 1538 1067 1599 Μ.
1085 1538 1197 1616 Reguli
1218 1538 1342 1619 publice

387 1632 542 1705 coleretur,
563 1655 610 1695 res
628 1636 742 1695 amisse
756 1635 976 1705 redimerentur,
997 1634 1082 1693 uxori
1097 1633 1253 1713 liberisque
1275 1636 1344 1711 ejus

387 1728 528 1789 alimenta
548 1732 767 1810 preberentur!
801 1729 844 1790 ·Ii
867 1737 930 1789 turn
952 1748 1046 1789 morea
1066 1728 1165 1789 fueret
1199 1728 1261 1787 Sed
1283 1748 1342 1807 ego

386 1826 500 1902 quoties
513 1826 577 1885 haee
594 1835 683 1905 atque
696 1826 770 1886 talia
783 1826 852 1904 lego
864 1823 996 1894 trodove,
1011 1832 1174 1904 temperare
1197 1844 1255 1883 non
1270 1844 1341 1904 pos-

385 1939 458 1989 sum,
473 1922 544 1999 quio
562 1941 630 1981 com
653 1922 751 1981 auium
765 1940 831 1981 meo
853 1920 1022 1998 recogitem,
1044 1926 1156 1999 quonto
1174 1919 1213 1979 sit
1235 1920 1342 1980 virtuti

385 2012 494 2075 firmior
511 2037 531 2075 a
550 2015 651 2088 laude,
669 2037 759 2097 quam
776 2036 816 2077 ex
836 2016 973 2097 pecunia,
992 2034 1119 2075 merces:
1146 2014 1255 2095 quippe
1273 2024 1340 2077 tum

384 2108 484 2169 moltis
501 2120 569 2190 post
589 2112 726 2171 aetatibus
748 2111 842 2188 gloria
859 2112 907 2172 M.
929 2110 1041 2188 Reguli
1063 2118 1181 2169 manet:
1210 2109 1339 2171 aliorum

383 2224 454 2283 opes
465 2225 534 2265 eum
545 2205 681 2275 dominis,
695 2214 726 2265 et
739 2224 818 2285 saepe
831 2214 900 2266 ante
913 2206 991 2285 ipsos
1004 2204 1159 2285 perierunt.

243 2332 257 2361 ο
298 2348 305 2363 .
424 2304 474 2359 15.
505 2299 764 2378 carthaginienses
788 2302 899 2361 interea
918 2299 1034 2359 duobus
1060 2299 1143 2359 domi
1166 2300 1336 2361 constitutis

382 2391 516 2463 ducibus,
538 2392 709 2455 Asdrubale
728 2393 890 2455 Hannonis
908 2394 982 2466 filio,
1004 2402 1035 2455 et
1057 2392 1192 2466 Bostare,
1214 2396 1336 2455 tertium

381 2487 472 2547 etiam
486 2486 692 2549 Hamilcarem
704 2510 744 2549 ex
765 2490 870 2551 Sicilie
890 2490 1034 2561 accivere,
1048 2490 1099 2569 qui
1116 2510 1184 2550 euro
1197 2490 1335 2570 peditum

382 2582 511 2661 quinque
523 2583 666 2654 millibus,
678 2586 827 2665 equitibus
843 2585 1019 2665 quingentis,
1035 2584 1188 2644 Heraclea
1201 2584 1333 2647 Cartha·

253 2704 268 2735 n
295 2722 303 2738 .
382 2677 479 2755 gioem
492 2698 615 2759 propere
628 2680 719 2739 venit.
762 2678 811 2738 Hi
824 2681 1040 2739 communicato
1061 2680 1135 2740 inter
1157 2700 1188 2739 se
1209 2680 1334 2741 consitio

240 2800 255 2832 ο
298 2817 305 2833 .
381 2780 555 2846 stanreroot,
577 2794 636 2835 uon
649 2776 804 2849 menibus,
818 2785 851 2836 ut
865 2775 904 2835 sd
916 2794 983 2835 eam
1000 2774 1079 2835 diem
1094 2774 1206 2835 factum
1223 2774 1334 2850 iuerat,

380 2868 588 2931 continendum
601 2872 775 2942 exercitum,
798 2891 892 2949 neque
912 2869 1066 2930 Romanos
1084 2870 1201 2950 impune
1215 2872 1336 2951 quidvis

380 2982 466 3041 agere
478 2964 616 3025 sinendos
630 2986 704 3027 esse.
748 2964 799 3027 Sic
812 2967 917 3027 animis
931 2964 969 3023 ad
987 2964 1098 3025 bellum
1114 2966 1275 3044 gerendum
1289 2969 1335 3027 in-

378 3059 477 3121 citatis
489 3062 637 3123 exercitus
660 3061 804 3123 educitur.
847 3060 967 3121 Interea
985 3060 1031 3120 Μ.
1048 3059 1184 3139 Regulus
1195 3063 1335 3141 proxime

218 3170 504 3234 r10„11‚2,quaeque
526 3156 689 3235 subigendo
709 3158 739 3216 in
762 3158 828 3218 ioca
848 3163 1030 3237 pervenerat,
1051 3176 1102 3235 per
1128 3176 1195 3234 quae
1221 3155 1333 3219 flumen

216 3266 300 3319 zm„
380 3248 522 3327 Bagrada
534 3250 661 3312 labitur:
685 3251 725 3311 ad
737 3252 816 3331 quod
835 3261 931 3312 eastre
948 3252 1090 3311 habentes
1108 3250 1263 3313 Romanos
1276 3255 1332 3315 inr-

378 3345 496 3421 provisa
513 3346 604 3424 pestis
621 3355 652 3405 et
667 3345 779 3405 damno
801 3366 860 3406 non
879 3346 1032 3416 mediocri,
1055 3356 1087 3406 et
1103 3356 1211 3407 terrore
1231 3348 1331 3409 adhoc

230 3454 286 3503 Lis.
301 3453 366 3519 Epir,
381 3440 492 3516 maiore
504 3440 639 3519 perculit.
682 3440 900 3520 Magnitudinis
922 3442 999 3501 enim
1016 3451 1190 3522 portentosae
1211 3464 1333 3524 sequens

217 3661 236 3693 1.
247 3651 271 3695 a.
283 3650 322 3697 ιο.
377 3648 467 3707 quam
486 3634 725 3711 repugnantibus,
747 3634 855 3693 multos
872 3632 998 3711 ingentis
1016 3633 1075 3693 oris
1094 3634 1177 3693 hiatu
1194 3635 1328 3697 sorbuit:

377 3722 450 3784 alios
472 3726 614 3806 spironrm
637 3728 833 3789 voluminibus
854 3738 886 3789 et
914 3727 1017 3787 caudae
1039 3730 1161 3789 verbere
1185 3731 1327 3792 obtrivit:

213 3828 284 3880 otor.
295 3837 362 3883 me.
376 3822 532 3883 nonnullos
543 3822 607 3904 ipso
619 3824 781 3903 pestilentis
796 3824 905 3884 halitus
924 3822 1024 3883 afflato
1037 3825 1237 3887 exanimavit:
1258 3836 1326 3889 tan..

214 3895 363 4010 ffizbgffizff:
374 3923 495 3996 tumque
516 3921 625 3998 negotii
644 3920 691 3979 M.
705 3918 826 3998 Regulo
843 3918 985 3979 incessere
999 3920 1104 3999 potnit,
1124 3927 1157 3979 ut
1169 3923 1240 3981 totis
1253 3924 1325 3983 viri·

212 4011 507 4073 s.Ptin.v11.buscom
520 4035 557 4075 eo
569 4016 607 4075 de
620 4016 798 4097 possessione
812 4016 903 4075 amnis
916 4016 1004 4076 fuerit
1016 4016 1225 4077 dimicandum.

213 4088 362 4137 ¹⁴=s⁵¹·¹‘²¹·
416 4111 465 4165 16.
477 4109 567 4174 Quod
576 4113 626 4170 ubi
634 4132 701 4171 cum
706 4113 824 4190 jactura
834 4111 957 4171 militum
967 4111 1070 4182 fiebat,
1079 4132 1172 4191 neque
1182 4112 1260 4173 vinci
1270 4125 1326 4177 aut

211 4151 282 4265 2¹:⁹01:
289 4167 330 4265 lvvr
338 4222 363 4267 a,
373 4199 518 4263 vulnerari
530 4204 620 4265 draco
633 4216 758 4287 poterat,
769 4206 922 4268 durissima
933 4226 1118 4287 squamarum
1133 4206 1225 4267 lorica
1237 4211 1323 4289 quic-
