2917 4767
704 324 739 371 Τ.
764 323 860 373 LlVll

390 466 542 527 excitaret.
584 464 646 525 Sed
665 464 817 545 inopinata
839 484 915 525 mors
936 465 1010 543 regis
1030 484 1097 545 spes
1110 463 1282 545 metusque
1298 486 1368 525 om-

390 562 471 621 nium
482 561 579 621 subito
592 560 694 621 incidit
706 569 795 640 atque
809 561 936 621 sustulit.
980 560 1114 640 Pyrrhus
1126 562 1221 633 euim,
1241 572 1282 621 ut
1296 572 1368 621 erat

391 656 529 737 potentia
548 657 578 715 in
600 656 772 715 messum
793 656 936 735 augmdse
956 656 1159 717 insatiabiliter
1185 668 1367 737 appetens,

391 772 572 833 percausam
586 751 743 811 reducendi
763 752 793 811 in
814 772 936 830 regnum
958 750 1074 832 sparse
1095 751 1283 833 Cleonymi,
1308 753 1366 830 qni

390 870 458 909 cum
480 848 565 909 Areo
585 846 757 917 dissidebat,
781 845 1019 927 Peloponnesum
1036 848 1189 925 ingressus,
1204 848 1254 907 ad
1270 847 1365 907 illam

389 944 479 1005 etiam
503 942 706 1023 occupandam
725 941 837 1019 adjecit
856 944 995 1003 animum.
1039 942 1080 1001 Et
1100 942 1364 1003 Lacedaemonios

389 1040 520 1121 quidem,
534 1038 604 1099 licet
624 1039 695 1097 urbe
709 1036 816 1097 frustra
836 1048 1016 1120 oppugnata,
1039 1039 1151 1117 magnis
1172 1039 1290 1099 affecit
1312 1040 1361 1097 in·

387 1135 558 1197 commodis.

426 1239 478 1293 42.
501 1230 561 1291 Sed
575 1230 668 1308 Argis
680 1230 802 1301 interea,
815 1250 882 1291 euru
902 1229 1032 1291 adversae
1054 1230 1198 1291 lectiones
1211 1230 1294 1291 duae
1308 1250 1359 1291 es-

385 1336 460 1397 sent,
484 1326 629 1406 principes
649 1345 749 1385 earum
782 1326 953 1406 Aristippus
984 1326 1181 1405 Antigonum,
1208 1326 1359 1385 Aristius

385 1422 536 1502 Pyrrhum
556 1421 596 1481 ad
612 1419 819 1501 opprimendos
831 1421 963 1507 inimices
977 1421 1121 1483 advocat:
1144 1442 1213 1482 nam
1226 1430 1267 1481 et
1281 1420 1357 1481 An·

382 1518 510 1595 tigonim
523 1526 627 1577 contra
646 1535 831 1577 comunem
853 1516 966 1575 hostem
988 1516 1153 1603 Laconibus
1165 1517 1292 1577 auxilio
1307 1516 1357 1575 fu·

383 1622 475 1683 turus,
497 1613 527 1671 in
546 1610 785 1691 Peloponnesum
808 1620 945 1673 venerat:
967 1613 1010 1672 ita
1027 1612 1148 1673 diversis
1168 1614 1267 1693 portis
1291 1612 1353 1671 suh

382 1707 506 1768 ehndem
519 1716 637 1767 noctem
650 1708 800 1786 utriusque
814 1708 890 1785 regis
902 1708 996 1787 copie
1016 1708 1047 1767 in
1068 1708 1214 1786 Argiuam
1236 1709 1352 1767 urbem

382 1803 571 1883 recipiuntur.
613 1800 762 1881 Pyrrhus,
784 1802 902 1880 cognito
915 1804 1010 1880 urgeri
1023 1822 1101 1875 suos,
1114 1804 1215 1864 urbem
1230 1814 1268 1863 et
1282 1796 1350 1883 ip'se

382 1902 537 1978 ingrersus,
557 1918 627 1959 cum
643 1897 692 1957 die
705 1900 772 1977 jam
790 1900 902 1961 oriente
922 1898 1022 1979 lupum
1036 1908 1067 1959 et
1081 1909 1197 1960 taurum
1211 1920 1254 1960 ex
1272 1919 1348 1968 aere,

381 1996 554 2055 certantium
569 1995 644 2067 inter
656 2014 688 2053 se
701 1994 816 2064 habitu,
826 1993 956 2064 vidisset,
970 1994 1147 2055 imminentis
1159 1995 1213 2055 lati
1226 1994 1347 2055 indicio

381 2090 543 2152 exhorruit.
585 2088 749 2148 Oraculum
771 2089 849 2149 enim
870 2097 934 2149 erat
953 2097 1048 2160 vetus,
1064 2089 1186 2151 fatalem
1201 2089 1347 2150 AEacidae

381 2182 477 2243 locum
487 2184 562 2253 lore,
574 2184 626 2241 ubi
639 2194 755 2243 taurum
768 2202 835 2242 cum
850 2183 920 2263 lupo
932 2183 1121 2243 dimicantem
1134 2186 1343 2265 spectaviaeet.

381 2277 477 2356 Igitur
497 2277 643 2336 retrahere
664 2278 776 2358 copiae,
799 2286 888 2337 etex
916 2280 988 2337 urbe
1009 2279 1145 2339 recedere
1171 2282 1343 2358 cogitabat.

381 2372 442 2431 Sed
454 2381 639 2459 occurrentes
650 2392 719 2432 cum
741 2370 864 2433 Heleno
878 2371 990 2451 Pyrrhi
1003 2373 1065 2434 filio
1078 2366 1242 2435 subsidiarii
1258 2374 1341 2435 mili-

380 2477 425 2527 tes
445 2467 655 2547 elephantique
673 2466 839 2527 clauserant
859 2466 989 2527 exitum:
1012 2469 1114 2547 hisque
1136 2470 1165 2529 in
1180 2472 1287 2530 urbem
1301 2470 1341 2529 ir·

380 2582 525 2642 rumpere,
547 2560 607 2619 illis
626 2562 707 2621 exire
726 2562 896 2632 nitentibus,
919 2582 985 2622 cum
1006 2562 1105 2623 hostes
1124 2566 1213 2624 etiam
1228 2566 1339 2627 acriter

379 2658 545 2716 insisterent
570 2655 687 2717 cedenti
708 2656 813 2727 turbae,
835 2665 866 2716 et
886 2659 915 2715 in
936 2658 1067 2735 angrrstis
1091 2661 1205 2719 viarum
1230 2663 1339 2741 spatiis

379 2752 499 2830 Argivi,
515 2750 710 2823 Macedones,
734 2750 877 2830 Epirotae,
891 2752 1000 2832 quique
1016 2772 1083 2811 cum
1096 2753 1181 2814 Areo
1192 2766 1338 2817 venmant

380 2847 519 2927 Spartani
533 2846 706 2926 Cretesque,
727 2844 767 2905 ad
787 2846 852 2907 haee
868 2847 1017 2926 elephanti
1039 2847 1159 2925 quidam
1180 2850 1336 2912 truderent

380 2944 455 3001 inter
475 2962 507 3002 se
528 2941 782 3021 truderenturque,
803 2943 901 3003 omnis
926 2940 1119 3021 trepidatione
1148 2957 1179 3005 ct
1203 2946 1335 3007 tumultu

382 3038 588 3099 miscebantur.

422 3140 474 3193 43.
497 3132 580 3193 Dum
592 3134 667 3193 inter
680 3133 747 3192 hac
760 3132 895 3213 Pyrrhus
917 3134 1024 3213 ubique
1040 3135 1178 3207 consiliis,
1194 3135 1332 3199 clamori-

381 3229 447 3298 bus,
461 3248 560 3298 manu,
575 3247 690 3287 servare
702 3247 781 3297 suos,
796 3247 893 3287 arcere
913 3228 1022 3301 hostes,
1043 3232 1162 3310 sategit,
1184 3254 1202 3292 a
1217 3236 1332 3312 juvene

162 3341 167 3349 ’
232 3358 354 3416 most·
380 3321 508 3402 quodam
531 3320 647 3399 Argivo
669 3320 773 3381 lancea
793 3322 896 3383 leviter
918 3323 1086 3385 vulneratus
1100 3338 1154 3387 est.
1197 3328 1330 3391 Matrem

217 3426 368 3487 v1u.p.a⁷o.
379 3420 429 3479 hic
440 3419 571 3479 habebat
583 3439 671 3479 anum
684 3420 906 3501 pauperculam,
919 3441 986 3500 qum
999 3443 1067 3483 cum
1078 3424 1144 3485 aliis
1158 3426 1330 3489 mulieribus

216 3486 284 3536 ΡΜ
379 3533 418 3573 ex
433 3522 511 3574 tecto
523 3513 627 3575 domus
638 3513 772 3595 praelium
792 3524 937 3596 spectans,
951 3536 1019 3577 cum
1032 3518 1183 3599 Pyrrhum
1205 3522 1235 3581 in
1256 3542 1327 3583 auc·

232 3648 306 3697 ovid
317 3648 343 3697 in
378 3618 473 3669 torem
492 3609 621 3671 vulneris
633 3611 678 3671 sui
690 3621 755 3671 toto
768 3611 879 3692 impetu
899 3610 968 3671 ferri
990 3612 1114 3686 videret,
1128 3617 1257 3695 periculo
1272 3618 1327 3677 filii

215 3712 255 3763 lb.
378 3705 514 3777 attonita,
528 3707 659 3785 protinus
670 3707 801 3785 tegulam
814 3707 966 3787 corripuit,
981 3728 1017 3767 ac
1038 3718 1161 3789 utraque
1179 3732 1268 3772 manu
1292 3712 1326 3772 li-

216 3778 337 3903 zffi„
376 3800 492 3862 bratam
503 3802 535 3860 in
547 3812 638 3882 caput
649 3802 724 3880 regis
737 3801 862 3863 demisit.
904 3800 978 3860 Tam
992 3802 1149 3864 inhonorus
1161 3814 1193 3865 et
1206 3808 1325 3869 misera-

215 3920 256 3969 ap.
265 3904 349 3953 viles
377 3895 445 3957 bilis
458 3898 556 3957 exitus
568 3898 688 3977 Pyrrho
700 3896 769 3968 fuit,
784 3917 843 3975 quo
856 3898 996 3973 majorem
1008 3900 1098 3961 animi
1106 3900 1220 3972 robore,
1234 3902 1324 3966 soler·

229 3966 321 4082 {⁰:⁶ss
375 3992 418 4050 tia
430 3993 625 4064 consiliorum,
647 3991 770 4053 scientia
791 3992 832 4050 rei
852 3991 997 4064 militaris,
1011 3994 1167 4075 multisque
1181 4006 1324 4077 praeterea

213 4048 280 4146 Plu:
376 4087 505 4167 corporis
516 4074 681 4168 ingeniique
703 4086 797 4161 bonis,
812 4095 884 4147 aetas
900 4086 952 4149 ills
970 4108 1027 4150 non
1050 4090 1126 4153 tulit.
1170 4086 1230 4153 Sed
1244 4092 1321 4158 irue-
