2917 4767
233 378 323 447 1400

713 398 748 447 Τ.
774 396 869 447 tivi!

396 536 523 597 dendum
534 558 595 597 esse
600 537 746 617 judicem,
757 541 807 620 qui
820 540 911 599 dubio
920 547 1026 598 eventu
1041 546 1201 618 pugnatum
1218 559 1283 598 ese
1292 550 1351 599 tra·

249 637 303 686 ιιι.
318 636 384 702 Epic
396 634 542 694 diderunt.
586 634 671 694 Solet
688 636 778 708 enim,
791 636 906 715 quoties
924 636 987 716 pari
1000 634 1061 693 fere
1070 634 1180 693 damno
1191 634 1351 695 discessum

234 717 296 750 ¹¹¹¹·
396 738 451 798 est,
466 738 588 809 utraque
601 749 669 809 pars
678 732 735 790 sibi
748 750 874 790 aserere
883 730 1014 790 victoria
1023 729 1151 797 iamenu
1167 749 1258 809 quam
1267 730 1351 789 dein·

396 844 465 903 ceps
478 825 602 884 aliorum
615 825 806 904 negligentia,
820 826 943 885 aliorum
957 826 1129 905 improbitas
1144 834 1253 884 temere
1269 845 1351 885 com·

385 920 487 978 mittit
496 919 603 980 literis:
619 923 743 1001 pessimo
756 920 898 991 facinore,
908 940 1073 999 magnaque
1086 940 1154 979 cum
1167 920 1291 980 infamia
1301 941 1352 980 eo-

396 1034 470 1085 rum,
491 1017 542 1094 qui
561 1036 613 1096 pro
628 1018 705 1076 veris
723 1027 813 1097 atque
826 1017 983 1099 compertis
995 1016 1075 1074 inani
1088 1036 1202 1074 rumore
1215 1016 1350 1095 vulgata,

397 1120 450 1171 aut
466 1112 575 1171 affectu
591 1113 734 1173 serviliter
745 1122 893 1193 corrupta,
908 1112 1071 1193 posteritati
1081 1110 1282 1192 prodiderunt

436 1214 487 1267 42.
510 1208 611 1274 Quare
627 1211 745 1290 propior
757 1229 827 1269 vero
846 1209 963 1269 ridetur
975 1227 1075 1267 eorum
1088 1207 1238 1266 annalium
1250 1227 1351 1267 narra-

278 1306 317 1353 iun
337 1322 358 1355 s.
397 1302 451 1373 tio,
465 1304 516 1381 qui
526 1305 614 1363 semel
627 1303 948 1364 teutumadAsculum
960 1302 1352 1383 pugnatumessereierunt:

266 1402 274 1418 '
343 1404 349 1419 '
396 1406 428 1457 et
441 1408 506 1478 post
519 1401 689 1459 acerrimam
698 1399 1078 1460 contentionemacmultas
1087 1398 1233 1476 utrimque
1243 1398 1354 1470 codes,

398 1494 458 1553 sole
468 1496 534 1571 jam
552 1514 669 1566 occaso,
692 1496 800 1555 vulnus
819 1497 895 1573 regis
913 1504 945 1554 et
961 1495 1141 1575 direptorum
1160 1493 1353 1574 impedimen·

398 1598 493 1648 torum
508 1610 608 1650 cusum
628 1590 799 1651 dirimendae
812 1610 919 1671 pugnoe
932 1591 1041 1661 locum,
1054 1589 1125 1649 licet
1136 1609 1224 1668 tegre,
1238 1588 1354 1649 fecisse.

398 1684 475 1745 Tum
488 1687 618 1766 receptui
631 1688 746 1765 signum
755 1707 817 1747 esse
827 1686 930 1747 datum
943 1688 973 1745 in
986 1695 1110 1764 utroque
1120 1686 1264 1756 exercitu,
1284 1704 1354 1743 cum

393 1784 459 1860 jem
494 1768 639 1863 utrimque
669 1782 764 1843 millia
792 1783 907 1843 circiter
940 1781 1107 1860 quindecim
1137 1780 1354 1840 occubuissent.

400 1876 503 1955 Atque
516 1877 573 1938 hoc
594 1878 681 1937 fuisse
700 1888 827 1958 tempus,
849 1898 908 1956 quo
926 1875 1064 1955 Pyrrhus
1080 1874 1198 1933 cuidam
1213 1875 1299 1953 quasi
1316 1875 1355 1934 de

399 1972 522 2032 victoria
545 1972 707 2050 gratulanti
727 1972 928 2053 responderit:
958 1970 1014 2029 ‘Si
1035 1970 1132 2029 denuo
1151 1970 1193 2029 sic
1216 1970 1357 2031 vincendi

398 2077 466 2127 sunt
479 2068 622 2139 Romani,
637 2069 795 2148 periimus!
828 2066 989 2127 Affirmant
1000 2066 1090 2124 etiam
1100 2066 1176 2124 hanc
1186 2065 1356 2144 opinionem

399 2182 466 2241 quae
479 2173 581 2223 secuta
593 2173 669 2223 sunt.
712 2163 798 2223 Nam
818 2171 849 2222 et
861 2161 997 2242 Pyrrhus
1013 2161 1172 2220 Tarentum
1190 2160 1356 2220 conoessit:

285 2275 300 2307 n
327 2294 335 2310 ·
399 2265 430 2316 et
448 2256 593 2327 consules,
615 2258 728 2317 hostem
747 2276 806 2316 non
823 2257 959 2327 insecuti,
978 2258 1081 2337 copias
1096 2257 1126 2314 in
1144 2256 1283 2337 hybernis
1305 2274 1358 2337 per

254 3218 387 3267 Ci.ucTs·

237 3284 336 3340 cu.ulQ
338 3292 391 3331 sert.

237 3350 308 3396 nur
320 3348 390 3396 eetd

238 3408 378 3473 Fiuis,rrbu

239 3478 278 3523 10.

239 3700 304 3749 Plut.
320 3690 324 3703 ¹

238 3794 324 3845 Zonar.

256 4061 362 4109 Pluint

240 4124 395 4191 Pyrr0,.uao

241 4193 319 4241 ersi.

399 2350 522 2431 Apuliae
540 2352 650 2431 oppidu
670 2350 890 2421 distribuerunt,
911 2371 980 2410 cum
997 2350 1067 2410 suni
1084 2359 1210 2430 tempus,
1232 2360 1265 2410 et
1279 2354 1358 2413 nuo

399 2446 481 2517 belli,
508 2448 606 2527 potius
627 2447 782 2507 victorium
805 2438 867 2505 tam
890 2444 1032 2505 illustrem
1055 2447 1202 2525 prosequi,
1228 2446 1358 2509 alterum

399 2541 487 2601 facile
497 2562 614 2623 passum
625 2542 737 2613 suisset,
756 2541 851 2601 altera
860 2543 951 2601 etiarn
963 2542 1082 2602 omnino
1094 2544 1246 2620 coigisset.
1289 2544 1358 2604 Ac·

399 2638 489 2708 cedit,
507 2639 587 2719 quod
600 2658 695 2718 neque
708 2637 920 2717 triumphatum
938 2639 977 2695 ab
990 2638 1036 2696 his
1047 2638 1215 2697 consulibus
1231 2640 1358 2718 reperio.

402 2733 462 2793 Sed
472 2743 503 2793 et
513 2734 553 2792 P.
567 2734 695 2793 Decium
705 2732 855 2794 consulem
869 2753 905 2792 eo
918 2732 1020 2812 praelio
1032 2753 1063 2792 se
1076 2734 1238 2805 devovisse,
1251 2754 1357 2813 seque,

401 2839 466 2911 post
485 2839 598 2911 patrem
609 2839 639 2890 et
652 2850 740 2890 avum
757 2830 821 2910 pari
841 2848 945 2908 genere
959 2829 1059 2887 mortis
1070 2828 1213 2899 sublatos,
1230 2850 1249 2887 e
1260 2832 1358 2890 conti-

402 2928 480 2985 nenti
495 2946 600 3004 genere
615 2912 895 2986 tertiam'victimam
906 2924 1077 3003 reipublice
1088 2924 1257 3005 prebuisse,
1271 2924 1360 2985 multi

402 3032 527 3102 putant:
549 3022 628 3102 qued
645 3022 774 3081 historiis
790 3020 924 3080 omnibus
942 3019 1096 3079 silentibus
1115 3040 1153 3079 ne
1172 3019 1360 3081 referendum

402 3119 533 3197 quidem,
543 3118 652 3177 nedum
663 3115 854 3176 refellendum
862 3115 1051 3195 putavissem,
1061 3116 1115 3175 nisi
1124 3126 1361 3194 magnusauctor
1378 3176 1381 3179 ,

404 3213 451 3273 Μ.
465 3213 723 3273 'lhlliuscicero
715 3232 745 3271 ιιι
758 3211 967 3292 philosophicis
986 3211 1105 3290 quidem
1119 3211 1211 3283 libris,
1223 3211 1276 3270 sed
1289 3211 1360 3273 loco

404 3328 542 3377 ιιοιιιιιιο,
557 3308 707 3387 posuisset.

371 3428 390 3461 1.
444 3410 494 3462 43.
516 3403 626 3479 Pugna
646 3401 685 3461 ad
699 3400 847 3461 Asculum
860 3422 1045 3482 quocumque
1058 3412 1164 3462 eventu
1185 3412 1298 3463 certata
1311 3424 1359 3464 re·

406 3499 518 3577 liquum
531 3500 600 3558 anni
611 3500 743 3578 quietum
756 3496 898 3559 abellicis
910 3497 1147 3579 expeditionibus
1158 3499 1282 3558 habuit.
1302 3500 1359 3560 sed

405 3596 666 3655 consultationibus
688 3606 719 3655 et
738 3604 932 3677 apparatuum
954 3614 1025 3655 cura
1048 3604 1162 3675 tempus
1178 3614 1265 3654 omne
1284 3614 1359 3656 con-

405 3701 532 3752 sumtum
550 3700 604 3753 est.
651 3691 787 3773 Pyrrhus
807 3712 876 3751 cum
897 3700 1027 3751 veterum
1045 3692 1195 3771 copiarum
1217 3711 1360 3771 megum

406 3797 530 3867 partem,
548 3789 715 3868 ducumque
728 3798 760 3848 et
772 3790 931 3847 amicorum
951 3787 1106 3867 plerosque
1123 3786 1307 3868 perdidisset,
1326 3790 1357 3847 in

408 3884 530 3964 Epirum
544 3884 633 3954 misit,
654 3904 721 3943 cum
740 3882 895 3952 mandatis,
918 3891 951 3941 ut
966 3884 1102 3941 veniente
1119 3901 1188 3941 vere
1205 3882 1314 3943 milites
1326 3894 1359 3943 et

406 3982 538 4061 pecuniae
558 3982 614 4041 sibi
632 3980 823 4039 mitterentur.
865 3977 925 4037 Sed
946 3978 1114 4057 priusquam
1133 3976 1236 4036 classis
1254 3997 1293 4037 ea
1311 3980 1358 4039 in-

407 4076 477 4137 strui
487 4086 593 4155 posset,
608 4096 691 4136 novae
700 4096 767 4156 spes
778 4082 889 4134 exorte
901 4073 1054 4133 consilium
1067 4074 1143 4153 regis
1160 4082 1359 4136 mutaverunt.

409 4172 617 4232 Macedoniam
637 4172 707 4233 olim
722 4171 875 4233 Demetrio
890 4169 1038 4231 ademtam
1056 4170 1191 4251 Pyrrhus
1209 4179 1359 4247 tenuerat,
