2917 4767
261 365 349 434 ruti
729 383 765 430 r.
790 382 907 430 nrvrr‘
949 395 952 402 ·

266 537 341 601 tres,
354 523 491 599 Lucius,
502 521 654 601 Murcus,
664 523 827 602 Quintus,
838 523 937 590 ludos
946 523 1175 607 funebresper
1185 523 1365 590 triduum¹⁸

262 635 295 690 et
307 625 529 705 gladiatorum
544 628 639 709 paris
654 627 722 690 duo
740 632 774 691 et
788 627 906 707 viginti
920 645 984 709 per
1002 626 1149 690 mooun
1165 627 1201 690 iu
1217 626 1366 690 soro'de-

262 729 391 792 derunt.
437 727 568 792 AEdiles
583 729 731 806 curules,
751 729 792 793 C.
808 729 976 794 Laetorius
986 733 1012 781 ¹⁹
1026 742 1062 792 et
1074 728 1132 792 Ti.
1146 729 1367 811 Sempronius
1445 796 1446 799 ,

262 829 450 907 Gracchus,
476 829 595 894 consul
623 829 840 912 designatus,i
866 830 925 912 qui
955 830 990 892 in
1015 827 1179 893 aedilitate
1205 830 1367 908 magister

261 930 413 1012 equitum
436 928 554 1008 fueret,
569 928 668 994 ludos
691 929 867 994 Romame
883 930 1043 1006 iecerunt,
1058 931 1118 1012 qui
1138 947 1201 1012 per
1220 928 1368 992 uiduam

262 1028 440 1094 instaurati
463 1035 552 1094 suut.
598 1028 728 1094 Plebeii
752 1029 826 1094 ludi
850 1029 1001 1094 aedilium
1018 1028 1069 1092 Μ.
1090 1028 1226 1093 Aurelii
1253 1029 1366 1094 (lette

262 1137 298 1194 et
313 1129 363 1194 Μ.
378 1128 513 1196 Claudii
528 1129 685 1194 Marcelli
694 1137 723 1168 ²⁰
737 1135 787 1194 ter
799 1131 988 1195 instaurati.
1032 1129 1255 1195 circumacto
1269 1133 1367 1195 tertio

183 1299 187 1308 ,
263 1249 349 1294 anno
369 1230 491 1295 Punici
513 1231 604 1307 belli,
623 1229 678 1294 Ti
698 1229 919 1314 Sempronius
939 1229 1059 1294 consul
1082 1230 1206 1295 idibus
1230 1229 1369 1296 Martiis

263 1331 490 1412 magistratum
506 1331 604 1397 iniit·
633 1332 800 1396 Proetores
814 1330 859 1409 Q.
875 1330 1017 1394 Fulvius
1029 1330 1202 1407 Flaccus,¹
1214 1333 1369 1416 quiante
1446 1324 1447 1373 l

262 1431 316 1496 bis
326 1432 442 1496 consul
454 1437 466 1468 ¹
477 1450 662 1516 censorque
675 1431 794 1508 fueret,
810 1433 971 1497 urbanum
984 1452 994 1512 3
1016 1431 1067 1496 Μ.
1080 1431 1243 1496 Valerios
1255 1434 1370 1498 laevi·

261 1551 326 1596 nus
342 1531 547 1614 peregrinam
562 1533 736 1597 sortem'in
746 1533 833 1616 juris
847 1533 995 1597 dictione
1008 1533 1136 1597 babuit
1176 1532 1251 1617 Ap.
1267 1533 1370 1598 Clau·

263 1633 341 1698 dius
351 1633 498 1698 Pulcher
506 1632 725 1712 sicilianiQ·
737 1633 874 1698 Muclus
883 1633 1040 1698 Scaevola
1049 1634 1244 1699 Sardiniam
1254 1635 1367 1699 sortiti

263 1741 353 1800 suut.
397 1734 449 1799 Μ.
467 1735 630 1800 Marcello
655 1754 716 1817 pro
741 1734 907 1800 consule³
931 1734 1109 1816 imperium
1123 1753 1206 1798 esse
1222 1735 1369 1818 populus

258 1834 375 1918 jussit,
391 1832 483 1916 quod
499 1843 582 1918 post
596 1833 806 1899 Cannensem
821 1832 955 1898 cladem
970 1852 1057 1898 unus
1069 1833 1298 1900 Romanorum
1311 1835 1370 1900 im·

262 1945 454 2020 peratorum
471 1936 505 2000 in
518 1934 621 2000 Italia
633 1954 793 2019 prospere
807 1953 878 1999 rem
887 1935 1079 2017 gessisset·

304 2038 360 2102 31.
382 2037 539 2112 Senstus,
554 2057 622 2121 quo
640 2036 695 2102 die
706 2035 851 2118 primum
865 2040 921 2098 eat
940 2035 976 2098 in
991 2032 1163 2116 Capitolio
1174 2038 1367 2116 consultus,
1447 2066 1448 2095 1

262 2138 419 2216 decrevit,
443 2145 494 2214 ut,
520 2157 590 2220 quo
608 2158 649 2202 eo
673 2155 760 2201 anno
783 2135 912 2220 duplex
932 2136 1093 2200 tributum
1109 2134 1370 2219 imperaretur,⁴

262 2239 408 2322 simplex
430 2238 602 2302 confestim
625 2237 822 2320 exigeretur,
840 2256 884 2301 cx
907 2256 974 2319 quo
994 2236 1200 2317 stipendium
1216 2257 1369 2320 prmeens

264 2338 419 2404 omnibus
430 2338 592 2402 militibus
609 2338 759 2416 daretur,
775 2345 1000 2421 preterquam
1013 2337 1073 2420 qui
1085 2337 1208 2402 milites
1223 2339 1271 2403 ad
1285 2339 1368 2404 Can-

263 2459 326 2503 nas
349 2437 502 2503 luisseut.
546 2439 601 2504 De
626 2439 829 2504 exercitibus
843 2440 895 2505 ita
915 2437 1156 2514 decrercmnt⁵
1173 2446 1213 2502 ut
1237 2439 1367 2504 duabus

264 2537 450 2622 legionibus
467 2538 603 2603 urbanis
618 2537 672 2604 Τι’.
691 2539 911 2623 Sempronius
931 2538 1050 2604 consul
1065 2537 1167 2603 Cales
1181 2539 1226 2603 ad
1243 2560 1368 2606 conve·

739 2730 908 2754 ”vunnu

263 2865 285 2898 c.
295 2851 397 2900 emend.
409 2850 484 2901 Glur.
495 2856 524 2900 et
536 2851 689 2914 Sigon-ld
705 2855 714 2878 ‘
725 2848 784 2898 Duo
795 2861 868 2897 socc.
882 2863 928 2912 pa·
936 2849 1044 2898 triduum
1053 2846 1124 2899 forte
1134 2848 1258 2908 delenda,
1271 2864 1321 2901 nee
1331 2853 1368 2902 bia

264 2929 280 2962 a
291 2914 366 2964 Livio
378 2913 481 2978 posita!
500 2915 667 2977 liutpert-lit
684 2913 725 2962 Al·
745 2913 775 2962 C.
786 2912 986 2962 Lectum—2⁰
1003 2913 1074 2963 Olim
1086 2913 1231 2975 legebatur,
1242 2916 1296 2965 larii
1306 2933 1322 2964 a
1332 2919 1369 2966 ll.

263 2977 361 3026 Aurelio
374 2980 454 3035 Cotto,
465 2985 490 3027 et
501 2979 540 3029 M.
551 2978 653 3028 claudio
664 2976 835 3026 Mmceilo.-l
847 2975 891 3025 ΑΙ.
908 2975 1073 3040 Pratum
1084 2977 1155 3026 lule.
1166 2977 1291 3028 Hac-2
1301 2980 1368 3032 ‘Pro

263 3041 334 3104 vulg.
351 3043 513 3091 nosocomi
525 3048 631 3092 auctore
643 3041 763 3091 Perisoo.
776 3039 877 3102 reposui
889 3045 946 3088 uate
958 3039 996 3087 ll.
1007 3041 1047 3089 rel
1059 3039 1095 3088 bis
1105 3039 1205 3090 somt'
1223 3043 1368 3107 liupert-

263 3107 278 3152 8
297 3103 338 3152 ΑΙ.
357 3105 470 3153 Mur-sellu
484 3107 675 3171 presumsit—d
692 3105 814 3154 ‘Smotar
824 3133 863 3150 ·..
873 3103 984 3162 demam,
995 3109 1021 3152 ut
1032 3103 1134 3167 simplex
1149 3106 1268 3156 &Mau
1281 3109 1368 3166 naseu·

262 3165 307 3215 tim
317 3167 464 3231 exigeretur,
473 3183 526 3233 quo,
539 3177 578 3233 nt,
591 3169 631 3219 rel
643 3169 693 3218 lroc
703 3168 819 3222 consilio,
828 3175 892 3216 uteo
900 3180 961 3215 am
969 3167 1060 3229 duplex
1069 3168 1237 3232 immor,
1248 3172 1367 3233 impensi

263 3239 289 3279 er
310 3232 468 3282 commodius
487 3232 600 3284 conferri
620 3240 722 3296 ponem
737 3232 792 3281 Str.
823 3230 877 3279 Sed
894 3228 1071 3279 boecduamm
1089 3233 1314 3296 conjunctionem,
1331 3241 1367 3298 at,

262 3309 316 3358 quo,
333 3297 389 3346 aine
408 3298 461 3346 aila
472 3299 607 3348 verborum
627 3296 813 3360 interjectione
834 3309 861 3342 re
881 3294 1066 3357 excipientium
1076 3296 1214 3346 collocatio
1230 3299 1366 3348 admodum

262 3359 325 3408 milri
336 3360 410 3421 dura,
426 3370 454 3412 ct
465 3362 570 3426 vulgata
585 3363 663 3412 lectio
681 3367 708 3410 at
726 3374 752 3409 eo
767 3373 828 3408 cnse
848 3359 947 3406 tuenda
959 3357 1076 3419 ridetur;
1094 3359 1177 3409 Dour.
1210 3361 1240 3410 lo
1252 3363 1317 3412 Mes.
1328 3371 1365 3412 ta·

263 3437 322 3471 men
334 3431 362 3472 et
372 3423 441 3473 Edd.
452 3434 518 3475 vett.
529 3425 586 3476 sere
598 3425 715 3475 omnibus
726 3424 824 3487 legitur
834 3428 861 3470 uri
872 3435 916 3484 quo
927 3436 953 3472 eu
962 3436 1025 3470 uarro
1036 3423 1079 3470 rel
1088 3429 1117 3472 ut
1127 3439 1172 3486 quo
1185 3440 1257 3475 uaso.
1292 3427 1365 3476 cete·

264 3499 319 3534 rum
331 3489 481 3538 variationis
494 3504 574 3538 causa
591 3491 702 3554 primum
713 3491 810 3537 mutas
819 3485 934 3545 decreuit,
946 3493 975 3534 et
984 3484 1078 3534 deiude
1089 3489 1241 3538 ἀεπιυιηιιί
1252 3489 1365 3540 dicitur!

264 3549 414 3612 liutpert-t
432 3551 493 3601 lade
501 3553 530 3602 de
540 3553 684 3603 exstitibus
693 3553 730 3602 itu
740 3555 859 3601 decadam
868 3553 906 3598 cst
917 3548 985 3598 Edd.
996 3559 1058 3599 ante
1066 3550 1183 3602 Gronov.
1193 3560 1222 3603 ct
1232 3553 1299 3604 llas.
1309 3568 1364 3620 per·

758 3707 868 3764 Nom

263 3807 290 3856 iu
310 3807 392 3858 locum
412 3810 441 3860 la·
459 3807 561 3860 veturii
586 3820 614 3860 et
633 3813 663 3861 C·
686 3812 795 3862 Lutatii·
835 3822 958 3872 usitatum
970 3836 1002 3872 es
1015 3823 1144 3873 aedilitate
1152 3825 1363 3876 manustenea-

264 3883 363 3934 Notum
376 3883 444 3932 enim
463 3892 503 3934 eat
521 3885 546 3935 in
564 3883 637 3936 fastis
655 3885 796 3938 ordinario·
835 3899 1215 3962 persmdnimimmbic'rib.
1222 3899 1362 3958 (imber,

264 3974 319 4010 rum
332 3969 430 4011 tuntum
442 3961 498 4012 fieri
514 3965 679 4028 mentionem,
689 3966 733 4031 qui
745 3965 796 4015 aci·
836 3987 896 4024 eeu
916 3975 943 4023 in
964 3973 1091 4024 adilitate
1106 3975 1233 4038 magister
1250 3976 1364 4041 equium

264 4034 328 4085 licet
339 4039 414 4098 primi
427 4053 472 4088 suu
487 4053 556 4090 auno
573 4042 690 4092 crealici
701 4055 795 4094 nomeu
836 4048 939 4109 fuisset,
953 4064 1011 4113 qam
1023 4051 1137 4114 dignita
1151 4060 1269 4115 pratum
1280 4054 1364 4116 major,

265 4107 371 4158 dabant.
836 4123 1344 4188 pernitiaeprorermissuconmltieri.

298 4184 305 4214 ¹
324 4185 570 4252 Gmmtdesiemtaa]
588 4189 691 4241 Nurum
709 4201 738 4242 et
755 4194 794 4242 in·
868 4196 883 4224 ·
899 4196 934 4248 Α.
945 4199 979 4248 U.
990 4199 1020 4249 C.
1033 4203 1090 4250 5⁸8.
