2917 4767
237 325 326 399 Μ
704 340 738 389 r.
762 339 856 387 nrvrr

240 482 423 574 Marcellus
435 500 498 546 nec
511 481 637 547 sactum
656 481 869 566 improbavit,
884 491 918 547 et
937 483 1085 566 praedam
1101 483 1349 552 Hennensium
1446 449 1448 500 Σ

240 586 402 650 militibus
425 583 601 658 concessit,
626 590 729 661 ratus,
755 586 872 649 timore
895 585 1070 650 deterritos
1093 592 1351 669 temperaturos

241 684 489 768 proditionibus
512 682 744 766 praesidiorum
769 684 915 750 Siculos.
957 686 1071 769 Atque
1088 706 1130 751 ea
1149 686 1286 762 clades,
1310 692 1352 749 nt

240 785 382 850 urbisin
397 784 509 849 media
523 784 642 849 Sicilia
655 784 730 847 sitae
747 784 912 869 claraeque
927 787 1037 852 veleb
1054 788 1217 869 insignem
1233 786 1352 850 muni·

240 894 353 951 mento
367 886 510 950 naturali
521 884 647 962 locum,
662 884 716 949 vel
730 886 774 949 ob
788 894 923 951 sacrata
936 888 1048 951 omnia
1059 887 1215 969 uestigiis
1232 895 1351 969 raptae
1453 904 1457 921 ³

243 984 410 1069 quondam
418 985 642 1068 Proserpinae,
653 1003 758 1067 prope
774 985 903 1049 unodie
914 1005 1046 1051 omnem
1053 987 1210 1052 Siciliam
1220 1005 1349 1069 perra-

244 1090 302 1152 sit.
346 1086 391 1151 Et
404 1088 485 1170 quia
498 1086 594 1151 caede
606 1086 743 1151 infanda
756 1088 923 1164 rebantur,
938 1106 1005 1151 non
1014 1087 1185 1152 hominum
1198 1094 1350 1162 tantum,

245 1188 415 1254 sedetiam
424 1188 577 1252 Deorum
588 1186 705 1251 sedem
715 1186 872 1251 dolatum
884 1205 970 1262 esse,
982 1194 1053 1251 tum
1066 1208 1158 1265 vero,
1170 1190 1231 1269 qui
1240 1189 1353 1253 etiam

246 1296 323 1352 ante
336 1289 430 1352 dubii
444 1287 587 1365 inerant,
601 1287 750 1351 deiecere
772 1287 816 1351 ad
831 1288 969 1354 Poenos.
1012 1285 1253 1370 Hippocrates
1268 1288 1352 1351 inde
1411 1308 1415 1316 ’

246 1386 482 1469 Murgantiam,
498 1386 648 1451 Himilco
662 1386 878 1470 Agrigentum
893 1406 969 1451 sese
982 1390 1129 1470 recepit:
1147 1408 1228 1451 cnm
1243 1388 1355 1451 acciti

247 1507 270 1552 a
293 1486 517 1570 proditoribus
541 1487 766 1570 nequicquam
790 1486 833 1551 ad
851 1486 1009 1551 Hennam
1026 1488 1214 1551 exercitum
1229 1488 1353 1551 admu-

248 1590 387 1653 visseul.
431 1588 611 1653 Marcellus
626 1593 711 1651 retro
729 1588 764 1651 in
780 1588 964 1652 Leontinos
985 1587 1098 1679 redity
1110 1589 1352 1671 frumentoque

249 1698 286 1753 ot
299 1692 540 1755 commeatibus
555 1690 633 1753 aliis
656 1690 692 1753 in
713 1695 825 1753 castra
839 1691 1022 1767 convectis,
1036 1689 1197 1773 pracsidio
1211 1688 1351 1753 modico

250 1792 298 1854 ibi
312 1791 440 1866 relicto,
457 1789 500 1855 ad
515 1790 702 1872 Syracusas
716 1789 921 1853 obsidendas
938 1790 1035 1855 venit·
1069 1788 1153 1854 Inde
1164 1790 1237 1871 Ap.
1248 1790 1355 1853 Clan-

251 1889 308 1955 dio
329 1888 473 1953 Romam
489 1889 533 1955 ad
549 1890 758 1953 consulatum
779 1888 959 1971 petendum
980 1890 1097 1966 misso,
1112 1889 1154 1953 Τ.
1170 1888 1355 1968 Quintium

252 1988 444 2072 Crispinum
458 1988 495 2052 in
508 1988 584 2071 ejus
598 1988 711 2052 locum
725 1988 829 2052 classi
841 1988 1030 2071 castrisque
1041 1989 1184 2072 praeficit
1193 1997 1220 2036 ¹⁵
1233 1988 1356 2055 veteri·

252 2090 329 2153 bus.
373 2088 455 2173 Ipse
469 2088 694 2172 hybernacula
705 2088 973 2172 quinquemillia
987 2108 1148 2170 passuum
1163 2090 1353 2172 Hexapylo

251 2181 400 2273 (Leonta
409 2188 436 2231 ¹⁶
450 2196 596 2255 vocant¹¹
610 2186 740 2270 locum)
754 2188 950 2252 communiit
963 2188 1222 2270 aedificavitque.
1261 2189 1355 2255 Hac

252 2291 288 2351 in
303 2290 423 2352 Sicilia
436 2286 598 2370 usquead
612 2288 813 2370 principium
828 2286 956 2369 hyemis
970 2294 1077 2368 gesta.

294 2388 351 2451 to.
372 2386 501 2451 Eadem
515 2390 631 2451 aestate
645 2391 680 2449 et
694 2406 772 2450 cum
786 2386 949 2469 Philippo
963 2406 1051 2469 rege,
1067 2388 1157 2470 quod
1175 2388 1250 2471 jam
1271 2396 1355 2452 ante

254 2493 448 2570 suspectum
471 2487 594 2564 suerat,
615 2490 745 2550 motum
770 2486 894 2552 bellum
919 2493 981 2551 est.
1026 2488 1143 2569 Legati
1161 2489 1206 2552 ab
1227 2488 1356 2553 Orico¹

257 2586 298 2649 ad
328 2585 376 2651 Μ.
392 2586 568 2652 Valerium
593 2594 773 2669 praetorem
798 2587 967 2665 venerunt,
988 2587 1222 2671 presidentem
1249 2589 1357 2653 classi

201 2746 203 2750 .
256 2687 438 2751 Brundisio
458 2686 692 2770 Calabriaeque
707 2688 800 2751 circa
813 2687 993 2764 littoribus,
1010 2687 1207 2765 nuntiantes,
1222 2686 1356 2772 Philip-

256 2807 337 2870 pum
367 2787 509 2871 primum
536 2786 757 2870 Apolloniam
784 2793 958 2863 tentasse,y
987 2787 1108 2852 lembis
1131 2788 1320 2855 biremibus
1331 2792 1357 2837 ¹⁷

258 3116 351 3178 putyt:
368 3110 410 3159 ltu
423 3111 493 3159 Erae
502 3112 572 3166 aratu,
588 3117 615 3161 ut
630 3111 762 3160 marmio
770 3111 882 3169 suetam
891 3110 1003 3161 relenta!
1017 3110 1106 3174 Sigon.
1138 3111 1193 3160 Pro
1203 3113 1267 3159 rael·
1278 3112 1357 3161 male-

131 3210 134 3216 .
260 3175 305 3223 bat
317 3173 348 3223 J.
359 3174 390 3222 F.
400 3174 516 3223 Gronov.
533 3177 669 3224 cample
687 3173 804 3231 Pressas
821 3174 888 3223 Edd.
908 3182 970 3224 aute
989 3176 1138 3224 lireio-w
1155 3176 1218 3224 ‘lta
1230 3176 1282 3223 Me.
1294 3176 1357 3225 Fut.

258 3238 385 3287 waliam
393 3238 459 3287 Edd.
471 3239 654 3289 antsGronor.
665 3252 724 3299 qna
736 3238 799 3286 stab
808 3238 1139 3301 antechapylolnseruut.
1151 3237 1203 3287 Sed
1214 3238 1357 3287 bocablas.

259 3302 344 3357 abeat,
355 3308 383 3349 et
394 3316 464 3363 rape
475 3302 620 3360 omittitur;
636 3301 680 3350 rel
689 3300 792 3351 dativus
804 3302 898 3351 Gracc
910 3304 1015 3363 ponitur
1025 3316 1074 3366 pro
1084 3302 1114 3350 ab
1126 3315 1183 3351 curn
1193 3310 1272 3351 sexto
1286 3316 1357 3352 casu.

259 3364 373 3415 Leontem
382 3366 484 3416 emend.
496 3366 600 3416 clares.
610 3365 682 3415 dicit.
690 3371 747 3415 ant.
758 3378 778 3415 r.
790 3364 840 3413 ta'
858 3365 960 3427 Rapert.

758 3538 865 3591 Nom

293 3664 414 3715 'Malo
433 3667 529 3729 aaut]
557 3666 622 3716 Leon
642 3665 714 3716 ricus
737 3665 789 3717 fuit
829 3666 903 3730 Epiri
921 3667 947 3715 ln
966 3680 997 3716 aa
1017 3673 1093 3729 parta
1113 3681 1172 3731 quar
1189 3666 1307 3717 Chaonia
1317 3680 1360 3717 ro·

260 3754 311 3791 uon
340 3742 430 3805 procul
447 3742 587 3805 Syracusis,
607 3742 640 3790 ad
663 3740 789 3803 Tycham,
829 3741 945 3797 cabitur,
960 3740 1008 3790 iub
1020 3740 1217 3791 Acrocerauniis
1229 3742 1360 3792 montibus

261 3832 350 3866 versus
369 3818 597 3879 septemtrionem:
615 3830 666 3865 uon
677 3815 790 3880 quinquo
830 3816 864 3866 ad
881 3816 1086 3875 marcionitana
1103 3816 1180 3865 botilo
1198 3815 1247 3865 sub
1265 3818 1360 3867 Turon-

260 3891 374 3940 milllbur
392 3904 528 3953 passuum
545 3890 591 3939 aad
608 3903 655 3939 aar
671 3890 711 3937 rel
730 3902 791 3951 sep·
830 3892 1004 3941 rumdltione.
1037 3891 1161 3941 Creditur
1171 3892 1194 3941 ia
1205 3893 1278 3942 locna
1297 3906 1362 3955 erae,

264 3973 314 4014 tem
326 3965 410 4015 stadia
421 3966 455 4015 ab
466 3966 583 4029 Epipolis
592 3965 706 4026 dissitus,
717 3971 747 4014 ut
758 3978 791 4013 ex
831 3980 907 4030 quem
929 3960 992 4016 Itali
1013 3966 1055 4017 Vol
1075 3966 1105 4016 de
1129 3967 1193 4019 ora
1214 3968 1359 4031 appellant,
1451 3970 1457 3993 ¹

260 4040 411 4104 'ibaeydida
422 4041 557 4091 Cluverius
569 4040 670 4105 probat.
831 4042 888 4091 aliia
903 4040 975 4091 om.

294 4120 308 4147 ¹
323 4116 363 4164 Ab
385 4114 471 4178 orico]
497 4113 567 4165 Urba
587 4124 615 4165 et
636 4124 728 4180 portur
751 4121 791 4165 ert
863 4116 1042 4178 'Ammiani
1059 4114 1176 4179 testatae]
1192 4114 1358 4167 Macedonis
