2917 4767
494 374 566 421 urs.
592 372 707 421 xxrv.
728 376 811 423 one.
833 358 885 423 27.
1146 360 1234 427 2⁰88

119 515 269 579 anetem
282 515 507 580 imitarentur!
549 515 642 581 luter
654 517 730 581 lraeo
749 520 951 582 abenaotsm
968 536 988 581 a
1003 519 1233 601 penetralibus

115 614 313 697 jugulant:
334 615 370 678 in
384 616 527 697 virgines
549 615 678 693 deiude,
702 636 871 701 respersas
894 620 1009 683 matris
1029 638 1156 698 eruore,
1170 622 1231 684 im·

122 722 256 798 petum
270 712 408 779 faciunt.
452 714 552 793 Quae,
564 717 710 781 alienata
723 726 830 782 mente
843 718 941 783 simul
956 720 1043 783 lootu
1060 728 1230 803 metuque,
1329 741 1332 749 ⁴

126 816 231 879 velut
243 822 355 899 cupite
367 816 488 891 furore,
504 836 546 881 eo
560 828 682 883 eursu³
697 838 736 882 se
751 836 796 882 ex
816 820 964 884 samario
986 821 1230 903 proripuerunt,

127 923 190 993 ut,
205 917 236 979 si
249 914 406 997 effugium
420 920 587 999 patuisset
600 920 633 982 in
652 920 837 1002 publicum,
849 919 1036 1002 impleturae
1050 922 1165 985 orbern
1180 928 1230 987 tn·

129 1016 245 1081 multu
267 1017 396 1082 fuerint.
439 1018 526 1082 ‘lbru
552 1038 688 1102 quoque
709 1018 801 1083 baud
823 1036 941 1101 magno
962 1021 1235 1103 aedium'spatio,

131 1118 224 1181 iuter
243 1117 373 1181 medios
391 1126 443 1182 tot
464 1126 621 1195 annates,
643 1119 825 1201 aliquoties
844 1119 972 1201 integro
994 1138 1133 1203 corpore
1151 1140 1229 1184 era·

67 1280 72 1284 .
130 1222 264 1293 serunt,
279 1220 540 1301 torrentibusque,
559 1238 634 1283 eum
659 1227 712 1283 tot
734 1237 776 1283 ao
802 1227 871 1284 tum
895 1220 1017 1285 validae
1040 1220 1228 1285 eluctanda

132 1322 397 1392 mauusessent,
412 1338 487 1383 sesa
510 1319 748 1401 eripuerunt:⁴
770 1319 917 1397 tandem,
936 1320 1127 1384 vulneribus
1149 1338 1229 1384 con·

130 1416 250 1492 seete,
269 1435 345 1480 eum
369 1419 482 1481 omnia
499 1419 683 1504 replessent
701 1418 874 1501 sanguine,
900 1420 1073 1485 exanimes
1094 1438 1228 1485 corrue·

132 1526 232 1597 runt3
254 1518 448 1600 eaedemque
462 1538 574 1601 perse
588 1520 810 1583 miserabilem
833 1519 1102 1585 miserabiliorem
1124 1539 1227 1586 casus

107 1618 229 1696 iecit,
252 1619 343 1701 quod
368 1620 471 1701 paulo
491 1627 568 1702 post
586 1623 721 1684 nuntius
741 1621 841 1698 venit,
864 1622 1002 1686 mutatis
1022 1625 1159 1704 repente
1181 1622 1226 1687 ad

131 1719 403 1783 misericordiam
421 1720 563 1797 animis:
584 1738 627 1783 ne
648 1720 930 1787 interficerentur!
972 1719 1030 1784 Ira
1043 1721 1162 1786 deiude
1180 1740 1225 1785 ex

127 1821 363 1885 misericordia
377 1828 460 1897 orta,
471 1821 560 1904 quod
575 1821 662 1885 adeo
672 1820 862 1885 testinaturu
882 1820 926 1885 ed
944 1822 1158 1905 supplicium,
1171 1842 1226 1887 ne·

132 1940 203 2003 que
224 1920 323 1985 loeus
349 1922 532 2005 preniteodi
555 1928 616 1986 aut
637 1938 809 2002 regressus
832 1922 876 1986 ab
898 1922 947 1987 ira
967 1922 1103 1986 relictus
1119 1929 1225 1989 esset.

132 2022 260 2105 Itaque
286 2024 423 2087 fremere
445 2022 637 2100 multitudo,
661 2028 697 2087 et
718 2023 754 2085 iu
783 2023 896 2087 locum
925 2022 1156 2088 Andruuodori
1181 2042 1223 2089 ao

130 2120 298 2189 'Ibernisti
316 2124 407 2208 (narn
429 2125 528 2191 ambo
553 2130 712 2207 praetores
733 2121 880 2207 fueraut)
906 2125 1042 2189 comitia
1065 2142 1223 2207 posuere:

131 2240 213 2304 quer
235 2243 442 2307 nequaqnam
465 2244 511 2287 ex
530 2224 696 2287 sententia
716 2230 899 2305 praetorum
918 2224 1028 2289 lutura
1044 2232 1167 2291 essent.

177 2324 231 2388 27.
254 2324 411 2389 Statutus
434 2328 508 2388 est‘
534 2322 680 2389 comitiis
697 2321 790 2387 dies:
813 2341 890 2405 quo,
915 2343 979 2387 uec
1005 2325 1223 2408 opinantibus

126 2426 315 2503 omnibus,¹
328 2446 416 2491 unus
431 2445 476 2490 ex
492 2425 612 2489 ultima
635 2426 732 2489 turba
747 2422 930 2508 Epicydem
945 2428 1138 2503 nominarit.
1153 2418 1221 2492 tuor

129 2526 211 2589 inde
226 2526 315 2589 elius
330 2527 590 2610 Hippocratem.
634 2524 827 2588 crebriores
843 2524 962 2589 deinde
981 2546 1031 2589 ear
1053 2546 1170 2603 voces,
1186 2536 1221 2592 et

130 2646 208 2689 curn
228 2626 317 2691 baud
335 2627 439 2689 dubio
458 2644 598 2689 assensn
617 2622 838 2687 multitudinis
856 2635 952 2687 esse.¹
995 2624 1039 2688 Et
1055 2634 1125 2689 erat
1139 2644 1220 2689 oon·

128 2728 211 2791 fuse
229 2729 362 2804 concio,
377 2747 444 2792 non
465 2726 618 2810 populari
638 2725 751 2802 modo,
765 2724 827 2788 sed
847 2725 981 2789 militari
1001 2744 1134 2809 quoque
1154 2732 1219 2789 tur·

123 2826 203 2903 ·bn,⁶
217 2848 338 2912 magna
353 2847 396 2893 ex
412 2834 504 2912 parte
525 2828 627 2891 etiem
645 2826 805 2910 perfugis,
822 2826 880 2907 qui
894 2827 1006 2889 omnia
1020 2844 1142 2889 novare
1161 2846 1219 2889 cu-

127 2928 278 3011 piebant,
290 2928 477 3013 permixtis.
510 2926 676 2991 Praetores
687 2925 1025 3009 dissimulareprimo,
1041 2928 1075 2989 et
1087 2924 1218 2990 trahen-

161 3119 174 3142 ¹
192 3112 255 3160 Cen
269 3111 372 3161 enom
380 3110 522 3172 populeaque
538 3109 615 3158 abito
624 3106 728 3159 atem
739 3107 868 3171 flexissent
877 3110 908 3157 od
917 3107 1107 3165 rrriaericordr‘nro¹
1122 3108 1219 3159 suafiu

125 3174 159 3223 ab
168 3176 204 3223 eie
213 3175 297 3223 artesae
305 3176 399 3223 duan
410 3178 491 3222 netues
497 3189 528 3222 ne
535 3174 695 3221 occiderentur
704 3170 822 3221 Heracleo
831 3176 854 3221 et
857 3172 929 3237 filie.

160 3247 174 3281 ¹
190 3239 291 3287 Nereine
300 3238 327 3285 id
340 3238 457 3299 operante,
467 3238 517 3285 rire
527 3238 655 3298 inopinato.

159 3309 172 3335 ⁸
189 3302 239 3350 11ae
255 3315 322 3348 esces
331 3300 500 3349 nominatiora
513 3300 684 3363 Hippocratem
700 3303 723 3347 et
742 3299 879 3361 Epicydem,
894 3300 1071 3361 excipiebantur·
1084 3299 1218 3349 indubitate

125 3370 152 3415 ct
161 3370 241 3427 operto
252 3378 362 3413 merem
370 3364 454 3425 prete.

585 3468 753 3493 ”Homul

126 3604 278 3668 Rapere-2
294 3605 362 3655 Olim
374 3604 519 3667 legebatur,
532 3605 609 3654 tester
619 3605 678 3654 irati
688 3602 890 3652 abstinerent-i
906 3602 943 3650 lio
953 3614 1022 3651 aem
1033 3616 1064 3651 ex
1078 3602 1144 3665 conj.
1157 3600 1216 3653 Flo·

125 3670 225 3719 rebelli.
259 3670 290 3718 lu
302 3670 365 3717 lire.
376 3677 403 3717 et
416 3668 481 3717 Edd.
493 3678 554 3717 rute
564 3670 680 3718 Gronov.
694 3682 764 3716 men
778 3676 806 3716 et
822 3672 972 3716 esserra—4
989 3666 1065 3715 ‘Sese
1082 3670 1216 3728 eriperent

124 3747 178 3781 non
188 3740 279 3782 exunt
290 3735 316 3781 in
328 3734 379 3782 Me.
392 3732 516 3782 &arabe
533 3739 562 3781 et
577 3736 687 3796 glossam
698 3734 827 3788 redolent,
838 3730 870 3780 sd
883 3730 1013 3793 precede.
1026 3732 1153 3793 inquibus
1171 3746 1214 3779 ee-

122 3796 184 3845 denr
197 3798 413 3856 iueetsenteutie,
422 3796 581 3860 incripta-r:
597 3797 621 3845 lt
689 3828 697 3843 .
940 3857 955 3867 ..
1004 3856 1010 3868 ⁶

156 3860 200 3909 5‘
212 3862 313 3919 Putet
328 3862 388 3911 Pet.
404 3866 489 3911 ment.
522 3861 611 3919 Forte,
657 3866 740 3910 elatee
757 3864 792 3909 eet
802 3858 856 3907 inde
866 3858 967 3905 renitere
984 3854 1053 3905 drea’
1068 3856 1094 3907 J.
1107 3854 1213 3905 F-Gro-

613 4002 725 4055 NOTAE

155 4113 168 4139 ·
183 4106 290 4155 Meldis
305 4099 552 4168 munere-b]
570 4101 651 4151 fleus·
684 4101 734 4151 mir
745 4097 778 4149 ed
788 4092 1071 4153 alterationemiiexir.

121 4186 166 4230 tue
176 4192 271 4243 nempe
289 4184 317 4230 et
332 4177 422 4260 populi
431 4175 586 4241 Syracusani
595 4176 650 4226 rul-
