2917 4767
370 355 478 406 ntum
501 356 584 406 xvi.
606 354 958 409 surrentinum.-
1121 340 1212 411 1527

74 495 169 555 auin
182 496 287 573 ingena
298 496 453 557 homiuum
464 496 632 567 mulu'tudo,
640 495 719 557 haud
733 498 829 557 mium
836 498 1050 577 quinquaginta

74 590 186 653 millia
197 591 390 663 bellatorum,
404 602 490 652 tento
495 594 563 670 jam
574 602 704 673 tempore
722 591 802 653 idem
819 594 896 653 iutra
908 592 1049 673 oppidum

71 684 233 747 conclusa
251 707 402 747 monam
415 687 476 746 tere
490 708 607 747 omnem
625 688 826 757 absumsisset3
856 689 965 768 sperari
978 707 1048 749 veru

71 783 243 843 subventio
255 783 341 842 nulla
354 792 462 863 posset,
476 780 575 843 aditus
586 802 688 842 omues
700 782 846 843 Romanis
855 782 973 843 solicite
981 801 1046 843 cua-

72 875 290 945 todieutibus3
312 887 561 957 propugnatorum
583 878 673 937 animi
694 886 756 937 tam
779 880 970 959 praesentibus
985 900 1048 939 ma·

73 970 132 1042 lis,
145 992 242 1052 qaam
253 975 463 1053 expectatione
484 973 655 1037 munuum
667 973 748 1034 haud
762 974 945 1035 mediocriter
957 994 1046 1054 auge·

74 1066 207 1128 bantur.
275 1090 279 1097 ’
612 1110 617 1119 ι

121 1170 179 1224 53.
193 1163 298 1242 Igitur
309 1163 485 1225 Hannibale
496 1163 635 1244 Gisgonis
645 1164 708 1226 lilio
720 1168 806 1244 (uam
815 1166 865 1225 hic
877 1166 963 1225 rebus
971 1165 1046 1226 (lar-
1058 1182 1141 1231 zonas.

75 1258 324 1338 thagiumruubus
344 1260 504 1338 Agrioenti
529 1266 667 1341 precum)
693 1262 802 1322 crebris
824 1262 933 1322 nuntiis
958 1282 1044 1341 opem

76 1354 233 1415 adversus
252 1356 364 1417 famem
382 1364 415 1414 et
434 1357 565 1436 pericula
584 1367 734 1437 poscente,
755 1377 822 1418 cum
841 1356 980 1417 militibus
992 1360 1044 1438 qui
1054 1376 1141 1443 Polyb.

77 1460 193 1528 postea
205 1451 351 1511 connecti
368 1449 496 1522 fueraut,
509 1452 742 1532 elephantisque,
765 1452 879 1513 Hanno
898 1454 993 1514 senior
1014 1454 1042 1513 iu
1066 1474 1141 1525 Diod.
1152 1472 1206 1523 m.

79 1542 222 1604 Siciliam
235 1544 462 1606 manumittitur:
474 1546 605 1627 peditum
615 1559 699 1609 eraut
711 1548 806 1608 millia
817 1548 1042 1627 quinquaginta,
1054 1539 1071 1587 l
1083 1552 1164 1587 ¹¹¹³·

77 1658 133 1698 sex
147 1640 300 1719 equitum,
319 1641 475 1717 sexaginta
494 1641 653 1722 elephanti.
696 1643 774 1703 Cum
792 1644 838 1703 his
851 1644 943 1723 copiis
958 1643 1044 1724 Lily-

78 1735 180 1794 baeum
203 1742 321 1804 reatus,
339 1734 407 1794 iude
427 1754 527 1797 versus
551 1735 732 1797 Heracleam
753 1739 862 1798 morit:
883 1739 1041 1817 statimque

79 1830 289 1889 veneruntad
313 1851 382 1890 euru
399 1832 461 1910 qui
478 1831 657 1892 deditionem
682 1834 803 1893 Erbessi
824 1833 1040 1913 pollicerentur.

81 1923 207 1984 Horum
227 1944 322 2005 opera
341 1925 467 1985 Erbeaac
487 1928 607 2007 potibus,
625 1928 703 1987 uude
719 1929 868 1988 ⁴hacteuus
885 1926 925 1987 ad
945 1936 1140 2012 muupolyn.

80 2018 350 2081 Ronmanorum
363 2030 544 2081 commeatur
549 2030 752 2094 enumerarat,
766 2042 827 2081 rem
839 2021 919 2081 haud
927 2022 1042 2085 minimi

79 2118 226 2176 momenti
239 2114 396 2195 perleeiase
416 2116 580 2186 videbatur,
593 2137 662 2177 cum
682 2116 819 2177 exclusos
831 2116 917 2176 omui
935 2136 1041 2198 prope·
1156 2130 1158 2133 ·

80 2211 204 2271 mudum
220 2210 368 2269 facultate
383 2212 610 2272 uenenariorum
622 2232 717 2272 rerum
731 2212 886 2273 Romanoa
899 2212 978 2273 haud
997 2212 1038 2273 le·

78 2306 146 2365 rim
159 2314 293 2382 urgeret,
305 2324 395 2385 quam
405 2305 444 2367 ab
456 2306 502 2365 his
512 2306 699 2385 Agrigentini
706 2308 921 2389 premebantur.
954 2306 1037 2368 Jam-

78 2399 199 2478 quode
220 2400 377 2459 obsidione
397 2400 541 2461 solvenda
557 2401 752 2463 deliberatum
773 2412 836 2463 erat
857 2422 915 2462 uon
936 2403 1037 2475 semel,

77 2494 217 2573 nihilque
230 2496 350 2575 propius
362 2495 485 2566 laetum,
499 2517 588 2576 quam
601 2507 636 2557 ut
649 2499 797 2576 negotium
814 2497 892 2557 istud
913 2518 965 2577 pro
985 2498 1037 2557 de·

77 2599 201 2670 sperato
214 2589 411 2668 abjiceretur;
434 2592 491 2650 ulai
502 2610 555 2651 rex
569 2591 770 2671 Syracmauus
782 2613 883 2653 omues
897 2593 1040 2652 teumudo

78 2686 146 2745 rias
157 2684 296 2745 uouuihil
307 2685 445 2745 frumeuti
453 2695 673 2764 ceterarumque
686 2706 780 2747 rerum
793 2687 892 2747 furtim
904 2688 1037 2747 summit·

78 2786 155 2851 bus,
178 2788 354 2859 promentem
372 2781 503 2860 inopiam
520 2778 637 2839 modico
657 2780 781 2841 subinde
804 2781 972 2841 levamento
989 2802 1034 2842 re-

77 2883 218 2935 ereum.

84 2986 90 2995 ·
118 2977 171 3029 54.
194 2967 312 3028 Hmruo
324 2987 393 3027 cum
407 2967 560 3028 Romanoa
576 2978 608 3028 et
618 2970 752 3048 munna,
765 2978 797 3029 et
807 2970 915 3030 morbis
925 2973 976 3049 qui
988 2992 1034 3032 ae·

77 3065 130 3143 qui
142 3063 257 3123 famem
269 3063 377 3133 solent,
390 3063 518 3142 graviter
530 3062 663 3134 allectos,
676 3082 745 3124 anas
762 3072 865 3124 contra
877 3065 978 3143 copias
990 3068 1035 3125 vi-

78 3160 159 3218 ribus
186 3159 309 3235 integris
329 3177 416 3236 agere
436 3157 646 3237 perpenderet;
676 3160 795 3239 propius
816 3158 856 3217 ad
882 3157 1036 3220 Romanoa

79 3253 235 3324 wcedere,
249 3252 413 3332 praliique,
426 3254 452 3311 ai
467 3250 594 3312 facultas
606 3252 736 3325 dantur,
750 3253 896 3313 fortunam
909 3254 1036 3333 experiri

78 3349 191 3408 atamit.
235 3346 414 3427 Elephantis
440 3347 528 3425 igitur
550 3347 765 3425 quinquaginta
789 3356 944 3427 ceteroque
972 3357 1035 3409 toto

78 3443 214 3502 exercitu
227 3442 364 3501 marutia
381 3439 537 3501 Heraclea
556 3440 715 3522 proiectus,
738 3440 933 3502 Numidicum
953 3445 1034 3522 equi·

78 3545 174 3597 tatum
188 3537 353 3617 pmmittit,
366 3537 430 3615 qui,
446 3536 573 3597 hostium
585 3538 689 3597 castris
707 3538 893 3616 obequitans,
914 3537 1033 3600 eliceret

79 3631 238 3692 Romam
256 3633 383 3711 equites,
403 3640 436 3691 et
455 3633 485 3691 in
508 3642 688 3713 preparatas
716 3632 838 3692 iusidias
863 3632 1030 3695 deduceret.

79 3727 235 3797 Numidia,
249 3728 293 3787 uti
304 3726 476 3787 mundanum
488 3736 563 3799 crat,
575 3728 615 3788 ad
627 3738 724 3789 castra
736 3727 889 3788 consulum
901 3737 1031 3789 oontem-

78 3823 134 3881 tim
146 3822 382 3901 provolautibua,
390 3832 546 3905 erumpunt
553 3823 696 3896 Romani,
713 3822 1032 3905 propelluutqueresis-

78 3919 294 3998 teuteaprim03
310 3917 420 3978 deiude
428 3919 531 3979 solutis
542 3919 691 3981 ordinibus
698 3921 759 3991 uia,
767 3938 828 4000 qua
834 3918 934 3979 venire
943 3916 1033 3976 Han-¹

80 4030 182 4074 nouem
201 4015 349 4085 sciebant,
373 4014 558 4093 refugientes,
578 4024 717 4075 contento
739 4032 826 4074 cursu
854 4030 1031 4095 persequun-

79 4115 133 4169 tur.
150 4146 156 4154 ·
176 4109 277 4195 Igitur
287 4118 403 4190 quanto
415 4109 530 4189 longina
546 4110 641 4191 abripi
661 4131 693 4173 se
716 4110 793 4192 pusi
811 4108 1032 4181 fueraut,tauto
1067 4096 1070 4103 ’
