2917 4767
390 360 496 409 einer
520 358 591 407 xx.
615 358 941 408 curenaurrtrun.
1130 342 1218 413 1689

87 510 242 591 superiore
255 508 329 571 loco
341 510 505 589 ingruebat.
547 508 620 570 Hoc
632 510 761 571 menime
774 508 862 569 modo
874 528 942 569 cum
955 507 1055 569 Gallie

87 606 121 663 in
149 605 274 665 Etruria
298 616 462 685 pugnatum
485 606 636 685 Polybius
657 604 798 665 tradidit:
825 625 845 664 a
866 626 926 684 quo
950 624 1053 684 perum

90 701 308 780 probabiliter·
315 702 368 761 elii
388 702 577 762 munuum:
601 703 757 779 quieeuim
770 710 876 761 temere
889 700 993 761 credat
1012 701 1054 761 ita

89 798 193 875 potius
216 818 282 857 rem
302 806 415 875 geatam
433 818 507 867 esee,
525 806 559 857 ut
580 796 688 856 Gallos
707 806 796 856 noctu
814 805 880 856 orta
897 806 1054 875 tempestae
1066 806 1152 856 Zonar.

89 891 197 969 lugere
215 894 362 971 coegerit,
375 901 515 972 tanquam
538 891 670 951 Deorum
691 892 765 951 iram
783 893 928 961 timentes,
942 900 1052 969 postre-

92 1008 218 1067 mmque
241 1008 345 1047 eorum
367 1008 518 1066 aggressus
539 986 577 1047 C.
597 986 711 1049 Atilius
731 988 920 1054 occubuerit;
947 985 1053 1045 deinde

92 1093 162 1163 poet
184 1084 306 1163 aliquot
327 1083 402 1155 dies,
423 1104 490 1143 cum
513 1084 624 1143 interea
646 1104 699 1145 suo
720 1082 847 1163 quilibet
869 1084 900 1141 in
923 1080 999 1141 colle
1022 1088 1053 1141 oe

92 1181 302 1251 continuisset,
325 1179 360 1239 L.
376 1179 513 1239 AEmilius
531 1199 599 1239 cum
620 1181 752 1239 exercitu
775 1178 898 1239 Gallico
917 1198 1053 1258 prospere

93 1276 298 1354 pugnaverit?
354 1274 463 1355 Neque
494 1274 559 1356 plus
587 1286 733 1335 merentur
757 1274 838 1344 tidei,
863 1274 915 1353 qui
948 1293 1053 1352 pugnae
1082 1282 1151 1336 Oroi.
1170 1300 1206 1337 rr.

95 1372 196 1431 locum
216 1392 258 1431 ex
282 1372 407 1433 littorali
428 1373 543 1451 regione
562 1372 591 1431 in
612 1392 713 1451 ugrum
733 1372 907 1431 Arretinum
927 1379 1051 1429 trnnstu-
1068 1352 1107 1397 ¹³·

96 1467 204 1533 lerunt

136 1572 188 1623 44.
214 1564 370 1625 Cecidiese
392 1574 454 1625 tum
478 1564 636 1624 Gallorum
658 1564 755 1624 millia
777 1563 973 1643 quadraginta
994 1586 1052 1625 non
1066 1573 1134 1625 Eue.
1145 1576 1164 1623 1.
1174 1592 1216 1624 m.

96 1660 278 1737 ambigitur:
302 1670 393 1741 capta
403 1670 472 1721 sunt
483 1660 562 1719 beud
577 1661 671 1719 minue
683 1659 780 1719 millia
790 1659 894 1719 decem
907 1680 974 1720 cum
995 1682 1053 1720 uno
1066 1638 1157 1752 pflffi
1166 1702 1217 1752 M

96 1774 198 1833 regum
211 1754 431 1816 Concoliteno:
454 1756 540 1827 alius,
551 1756 745 1826 Aneroestus,
755 1756 807 1833 qui
820 1754 976 1834 plurimum
989 1756 1052 1836 opi·
1065 1767 1084 1814 ι.
1095 1781 1159 1814 xxv.

97 1850 184 1909 nione
209 1852 331 1911 virtutis
351 1861 383 1911 et
403 1852 534 1931 potentia
553 1851 698 1921 valuerat,
722 1851 827 1929 paucis
844 1849 1054 1909 comitontibua
1066 1830 1152 1893 Polyb.

96 1946 229 2027 elapsus,
242 1947 274 2005 in
297 1946 370 2025 fuga
386 1948 562 2007 neceaeerioe
581 1966 648 2007 suos
667 1964 758 2025 seque
775 1945 871 2024 ipsum
882 1954 964 2003 recta
983 1945 1054 2023 gule

95 2042 259 2102 interemit.
306 2042 444 2123 Recepta
464 2052 508 2102 est
527 2042 628 2123 praede
642 2042 756 2120 ingens,
769 2060 859 2119 quam
872 2040 974 2099 consul
987 2040 1052 2099 red-
1082 2040 1158 2090 Diod.
1172 2042 1217 2090 Ζο-

95 2138 229 2197 dendam
252 2140 290 2199 iis
310 2140 434 2209 curavit,
448 2141 556 2218 quibus
576 2138 695 2197 ademte
714 2136 821 2205 lueret,
835 2155 904 2195 suas
920 2155 1051 2214 unoquo-
1065 2120 1153 2234 ’ᾗῇ

96 2254 153 2313 que
168 2254 218 2293 ree
230 2236 457 2312 agnoscentibus
469 2234 603 2293 dominis.
638 2232 715 2292 Inde
729 2252 796 2291 cum
809 2252 863 2290 ruo
874 2240 904 2290 et
915 2230 1054 2290 Atiliano

96 2332 233 2394 exercitu
249 2332 342 2408 juxta
355 2329 428 2389 fines
441 2330 581 2409 Ligurum
594 2330 623 2389 in
638 2330 764 2389 Boicum
778 2348 879 2406 agrum
895 2326 1053 2407 profectur,

97 2436 131 2486 ut
142 2446 244 2506 operar
258 2437 374 2487 navatae
392 2427 557 2487 mercedem
569 2428 691 2485 haberet
705 2426 800 2496 miles,
813 2424 1006 2504 diripiendam
1027 2424 1056 2482 ei

97 2523 250 2599 regionem
263 2521 357 2591 dedit,
371 2524 529 2600 paucisque
542 2522 647 2575 diebus
658 2523 780 2575 satietas
792 2520 892 2594 praeda
905 2521 1006 2598 copias
1023 2519 1052 2575 in
1066 2514 1140 2565 Diod.

98 2618 203 2675 urbem
228 2616 366 2675 reduxit:
397 2622 481 2672 tanto
507 2613 617 2690 majore
643 2611 773 2670 omnium
800 2611 916 2682 laetitia,
943 2622 1054 2690 quanto
1066 2580 1152 2645 Polyb.

99 2714 195 2772 acrior
209 2710 294 2771 muris
305 2709 380 2769 belli
392 2718 488 2767 metus
500 2706 605 2766 lueret.

138 2814 191 2867 45.
215 2806 298 2883 Ergo
319 2807 369 2865 vix
390 2805 564 2882 cujusquam
581 2802 745 2881 triumphus
758 2801 920 2861 ferentium
933 2801 1055 2859 vocibus

99 2914 161 2963 tarn
182 2902 351 2963 celebratus
369 2908 431 2960 ert:
457 2898 576 2976 insignis
596 2896 742 2975 alioquin,
756 2905 787 2955 et
799 2916 896 2955 rernm
907 2903 1053 2971 gestarum

99 3000 205 3078 gloria,
225 3007 257 3058 et
277 2998 460 3076 captivorum
480 2993 698 3073 spoliorumque
721 2992 910 3072 prelatorum
934 3010 1054 3049 numero

100 3096 267 3175 pretioque.
310 3091 411 3151 Multe
431 3091 505 3149 inter
525 3089 589 3149 hcc
608 3089 692 3165 signa
714 3086 856 3146 militarie
872 3085 966 3154 fuere,
987 3084 1053 3163 plu·

100 3192 226 3269 rimique
239 3198 366 3267 torques
385 3188 465 3247 aurei
484 3184 675 3263 armillaeque,
690 3183 817 3243 virorum
837 3180 957 3241 fortium
973 3179 1053 3259 apud

103 3285 213 3347 Gellos
232 3292 412 3345 emanente.
456 3280 516 3341 Sed
538 3280 666 3340 maxime
687 3276 876 3337 adverterunt
887 3274 989 3335 oculos
1001 3274 1052 3335 lio-
1078 3272 1217 3324 F¹01·¹¹·¹·

102 3383 214 3441 minum
237 3381 432 3449 Britomerus,
445 3377 557 3456 aliique
577 3376 723 3457 principes
745 3373 903 3435 Gallorum
924 3391 998 3451 quoe
1019 3370 1054 3430 L.
1067 3338 1188 3390 “²⁰³⁸''

103 3476 243 3537 AEmilius
265 3496 317 3556 per
340 3474 499 3534 ludibrium
524 3472 672 3533 accinctos
693 3472 724 3529 in
749 3469 933 3549 Capitolium
954 3467 1053 3538 duxit,

102 3582 245 3653 tanquam
266 3573 328 3635 voti
348 3573 392 3631 aui
410 3570 577 3648 religionem
590 3576 764 3636 servaturos,
777 3565 858 3645 quod
872 3576 880 3600 ‘
896 3584 954 3623 non
975 3565 1054 3643 prius

103 3671 247 3733 roluurros
267 3692 298 3731 se
311 3672 424 3741 beltea,
437 3689 526 3749 quarn
543 3666 725 3747 Capitolium
739 3664 956 3733 ascendissent?
968 3663 1053 3740 jura-

104 3780 214 3829 verant
230 3769 273 3829 A.
290 3767 331 3827 D.
347 3784 402 3827 111.
417 3766 524 3826 Nonae
541 3764 666 3824 Martias
686 3761 722 3822 L.
736 3761 875 3821 AEmilius
893 3758 995 3818 consul
1016 3758 1053 3817 de
1067 3761 1218 3829 Fruticapit.

105 3862 201 3925 Gallie
222 3864 425 3944 triumphavit.
477 3860 591 3921 Eodem
615 3878 691 3919 anno
715 3856 837 3918 lustrum
859 3855 985 3913 alterum
1007 3862 1053 3943 ut·

103 3980 157 4040 que
180 3960 457 4040 quadmgesimum'
476 3957 626 4019 conditum
646 3974 707 4015 enee
723 3953 836 4033 reperio
852 3971 871 4009 e
888 3946 1055 4007 censoribus

131 4149 140 4174 ¹
157 4140 273 4189 Laetum
296 4137 399 4186 ulterrm
416 4140 487 4198 atque
505 4148 562 4197 gro·
598 4131 664 4181 mine
674 4131 784 4181 lustrum
799 4121 941 4175 retundunt
954 4128 982 4170 et
992 4132 1053 4183 qur·

103 4198 563 4269 tragularum]Intelligirl‘reinrbe·
598 4196 782 4260 dragerlmum,
802 4198 832 4241 ot
852 4192 955 4240 constet
975 4199 1007 4235 ex
1029 4198 1053 4235 c.
