2917 4767
457 346 530 395 nra.
559 344 681 395 xxrv.
703 344 787 395 car.
808 330 864 395 1⁶2.
941 326 945 333 '
1132 330 1219 400 2001

73 498 240 564 habito
261 501 298 560 et
317 496 478 560 mnas
493 491 634 557 nerrbus
655 490 754 557 noris
774 490 937 571 deductis,
953 490 998 571 Q.
1014 490 1142 557 Fabius
1161 512 1219 563 cor

73 600 219 663 mitia
237 596 433 662 censoribus
455 593 610 660 creandis
633 592 765 659 babuit.
810 592 923 659 Greali
946 593 996 659 Μ.
1011 592 1137 661 Atilius
1152 594 1219 659 Re·

78 701 220 787 gulas
245 705 283 763 et
309 698 351 761 P.
378 695 498 761 Furius
524 694 656 759 Philus.
698 694 787 759 Cum
813 696 1070 761 increbresceret
1094 714 1218 775 rumor,

78 802 245 867 bellurn
255 800 291 863 in
307 798 427 864 Sicilia
439 816 527 876 esee,
540 796 582 861 Τ.
593 794 762 861 Otacilius
776 816 819 863 eo
829 816 904 862 cnm
920 797 1031 861 classe
1045 796 1217 881 proticisci

75 904 236 987 jussas
264 910 326 969 est
370 900 455 966 cum
484 897 643 965 deessent
669 906 792 977 umiae,
820 900 979 965 consules
1007 918 1051 963 ex
1078 906 1217 965 muetos

82 1002 274 1069 consulto
292 1000 482 1078 edixerunt,
496 1006 565 1080 ‘ut,
580 1002 650 1084 qui,
666 1001 707 1066 1.
728 1002 883 1081 AErnilin,
899 1000 939 1067 G.
957 1000 1124 1066 Flaminio
1139 1020 1216 1067 cen·

84 1107 260 1182 soribns,
280 1103 430 1169 millibus
457 1104 537 1169 aeris
562 1104 824 1187 qninquaginta‘
846 1103 920 1188 ipse
944 1108 1003 1169 aut
1024 1108 1120 1185 pater
1142 1102 1216 1185 ejus

87 1226 240 1271 cenans
253 1204 372 1271 fnisoer
394 1224 504 1289 nsque
526 1205 569 1270 ad
591 1211 725 1271 centum
745 1207 861 1285 millia,
877 1213 935 1271 aut
949 1206 1004 1271 eui
1025 1212 1148 1289 postea
1162 1222 1215 1270 res

87 1316 212 1373 tanta
221 1312 314 1372 esset
324 1308 429 1385 facts,
445 1314 580 1373 omnm
590 1326 692 1373 anam
706 1328 785 1374 cum
797 1328 860 1374 sex
869 1308 1037 1373 mensium
1048 1306 1215 1390 stipendio

90 1410 231 1475 daret:
254 1410 316 1494 qni
329 1428 431 1494 supra
446 1416 578 1474 centnm
596 1409 705 1475 millia
728 1430 833 1495 usque
855 1411 898 1476 ad
920 1416 1066 1475 trecenta
1086 1404 1217 1486 ruillia,¹

89 1520 180 1576 tres
194 1519 316 1577 nantas
329 1530 407 1576 enrn
423 1510 591 1595 stipendio
602 1530 733 1575 annuo:
756 1513 815 1595 qui
830 1530 934 1596 supra
948 1517 1095 1577 trecente
1109 1510 1214 1575 millia

91 1632 222 1697 usquo
237 1612 281 1677 ad
296 1612 409 1678 decies
423 1612 530 1691 reris,⁸
544 1612 694 1696 quinque
715 1620 856 1677 nautas:
879 1613 937 1696 qui
959 1630 1064 1694 snpra
1086 1611 1211 1684 decies,

93 1720 259 1798 septem:
281 1722 455 1781 senatores
478 1719 557 1779 octo
578 1720 698 1780 nauus
716 1734 794 1781 cunr
820 1732 932 1779 annuo
957 1711 1125 1797 stipendio
1152 1712 1212 1777 da·

93 1815 208 1880 rent?
249 1816 304 1880 Ex
326 1816 390 1881 boc
413 1816 525 1883 edicto
540 1817 609 1880 dati
627 1822 751 1894 nautae,
778 1816 897 1881 armati
920 1814 1144 1898 instructique
1166 1813 1210 1879 ab

94 1917 265 1994 dominis,
279 1937 358 1982 cnm
376 1917 514 1999 triginta
537 1918 667 1982 diarum
691 1919 798 1985 coctis
823 1916 981 1983 cibariish
1004 1936 1110 1982 naves
1134 1935 1210 1981 con·

96 2019 316 2084 scenderunt.
357 2017 445 2082 Turn
467 2018 610 2101 primam
628 2024 680 2084 est
698 2020 837 2097 laetum,
852 2028 893 2084 at
913 2020 1035 2085 classis
1051 2020 1209 2086 Romana

96 2120 213 2183 sociis
226 2119 415 2197 navalibus,
430 2118 562 2204 privata
575 2120 731 2201 impensa
745 2122 886 2203 paratis,
903 2122 1129 2205 compleretur.

149 2222 206 2286 12.
230 2220 301 2285 liic
329 2221 436 2304 rnejcr
462 2221 567 2285 solito
597 2228 782 2303 apparatus
818 2224 991 2307 praecipue
1024 2223 1210 2287 conterruit

97 2323 313 2405 Campanos,
327 2342 370 2387 ne
391 2324 436 2387 ab
455 2321 635 2387 obsidione
655 2323 786 2408 capue
802 2325 925 2391 bellurn
947 2324 1023 2409 ejus
1044 2324 1121 2389 enni
1138 2323 1208 2389 Ro·

71 2438 85 2453 ·
98 2426 196 2490 mani
207 2424 398 2506 inciperent.
436 2422 559 2505 Itaque
573 2424 703 2506 legatos
719 2425 949 2492 Hannibalem
960 2434 1089 2493 oratum
1106 2426 1208 2490 mise·

96 2533 194 2597 runt,
209 2532 248 2588 ut
260 2524 414 2608 Capuam
434 2524 620 2588 exercitum
639 2525 844 2592 admoveret.
886 2526 963 2592 ‘Ad
986 2546 1059 2592 eam
1076 2546 1206 2610 oppug-

98 2626 248 2690 nandam
273 2644 382 2689 novos
405 2624 578 2689 exercitas
597 2624 702 2691 scribi
728 2624 871 2708 Romae3
893 2645 957 2691 nec
981 2627 1084 2691 ullius
1110 2626 1204 2690 urbis

101 2726 286 2805 defectioni
300 2727 409 2809 magis
430 2726 580 2791 infensos
606 2744 719 2790 eorum
740 2724 893 2791 animos¹
917 2726 1017 2792 esse?
1059 2726 1102 2791 Id
1126 2728 1206 2811 quia

101 2836 176 2891 tam
200 2828 323 2911 trepidi
341 2828 547 2905 nuntiabant,
572 2828 809 2893 maturandum
833 2829 1008 2895 Hannibal
1033 2834 1135 2905 ratus,
1162 2848 1205 2893 ue

99 2928 327 3011 prevenirent
351 2928 511 3005 Romani,
525 2927 698 3012 proiectus
719 2928 836 3013 Arpis,
856 2930 900 2995 ad
924 2929 1037 2997 Tifata
1062 2931 1095 2994 in
1114 2935 1204 2993 vete-

99 3238 212 3301 reliaqri.
245 3234 384 3288 VidNot.
397 3237 509 3287 Vere-t
529 3236 842 3289 commended.
854 3238 1041 3290 rntaGronor.

600 3396 708 3449 Nou

132 3518 146 3545 ·
156 3509 267 3559 niuibus
276 3510 525 3576 arboriaqrrgirrtr]
537 3513 565 3563 Sl
576 3526 635 3564 ean
702 3510 713 3545 ¹
729 3512 810 3577 Usque
819 3514 850 3562 sd
861 3518 965 3563 lrrrealr
974 3512 1062 3576 nidis]
1072 3513 1202 3563 Trecenta

98 3592 226 3649 argentea
236 3592 340 3634 mareu
352 3594 444 3637 nestra
452 3589 635 3639 eerulnseirler
670 3587 763 3637 radam
774 3602 900 3637 errorum
918 3588 999 3638 ruillir
1010 3590 1090 3639 libras
1101 3598 1200 3639 nortm-

101 3674 171 3710 rsres
186 3674 374 3724 comprimar,
391 3663 476 3713 rulnor
489 3666 567 3728 prun
584 3666 635 3715 erit
667 3671 709 3713 ter
719 3662 862 3713 redderent
875 3662 930 3713 fera
942 3669 1014 3714 eleo.

99 3737 156 3785 bre
169 3748 270 3784 annum
286 3740 360 3786 md.
371 3736 458 3787 libris.
701 3738 814 3788 'Decies
823 3740 891 3803 erio]
906 3736 1008 3789 Arsiam
1021 3742 1078 3803 rjrr
1099 3748 1200 3804 tempo·

132 3810 244 3860 dlillibrre
276 3812 335 3859 aerir
366 3814 546 3876 quinquagina,
579 3815 633 3879 qa]
667 3814 802 3865 rirdsairr
818 3822 928 3865 centena
945 3816 1025 3863 miliia
1042 3816 1200 3879 respondere

101 3887 219 3937 Qunam
235 3900 349 3936 samar
368 3886 500 3937 hodierna
518 3897 631 3941 moratu
664 3891 787 3940 videntur
796 3890 870 3940 libris
882 3890 1014 3939 Frannlels
1027 3894 1116 3939 liaeo.

100 3962 156 4009 bne
168 3960 317 4020 ambolant,
328 3962 475 4024 intelligere
492 3962 580 4013 iicebit
597 3980 631 4014 ex
694 3965 708 4000 ἱ
734 3966 850 4026 ffigtrra
875 3966 967 4014 &mar
992 3966 1066 4015 ceolis
1090 3966 1199 4030 cibariis]

100 4036 130 4086 tir
149 4050 208 4100 qne
227 4036 376 4085 murinas
390 4036 425 4085 ad
444 4036 488 4087 lib.
504 4050 525 4088 r.
541 4052 571 4087 e.
583 4042 630 4090 4⁸.
663 4040 734 4092 Gall.
751 4042 914 4091 ramo
926 4041 1019 4099 licerit,
1033 4044 1075 4105 ln.
1089 4056 1149 4105 porr
1164 4056 1197 4093 arr

102 4111 178 4161 Unde
188 4111 268 4160 etia·
280 4109 391 4175 liquebit
403 4112 466 4161 ratis
477 4126 556 4173 grave
566 4127 631 4165 eurr
665 4118 735 4167 noir.

101 4186 207 4250 privatis
218 4187 367 4250 inperitam
375 4184 465 4240 iniere.
479 4190 630 4244 deteriora
700 4196 812 4247 *Eorum
823 4194 926 4260 mirer]
943 4195 1128 4248 Rornanorum.
