2917 4767
396 432 500 480 nrnar
526 432 591 479 xv.
614 427 935 481 surrnuuuururr.
1131 414 1217 485 1⁴97

80 562 153 635 eut.
196 572 286 633 Nam
303 573 416 653 quibus
433 560 562 631 studium
581 580 645 632 erat
670 590 723 651 per
748 558 868 649 injurias
892 564 1055 633 sicinonrm

81 670 264 740 amah,
278 669 340 729 sais
359 668 491 728 consiliis
508 669 748 749 impedimentum
761 688 780 727 a
793 666 931 729 Romano
945 680 1054 730 mettre-

85 769 185 837 bant,
200 766 268 825 aliis
279 785 319 824 ex
328 765 445 825 diverso
452 764 616 845 praesirlium
624 763 847 824 isoidadrersus
854 766 1058 843 impotentiam

85 862 499 939 adversariorum,tanquam
510 860 652 922 avinius
658 860 800 932 oblatum
809 860 1055 940 amplexantibus.

88 958 200 1017 Primi
214 958 349 1016 omnium
361 956 667 1035 Apolloniatamissis
679 956 809 1015 Romam
823 956 927 1034 legatis
939 958 968 1015 in
982 958 1058 1018 ami-¹

86 1054 204 1112 citiam
217 1053 315 1131 recipi
327 1052 482 1132 petiertmt.
517 1050 599 1111 Urbs
611 1051 663 1112 illa
674 1052 829 1130 sexaginta
840 1052 943 1111 stadiis
954 1073 974 1111 a
982 1054 1056 1113 mari
1084 1054 1176 1111 strabo,
1189 1057 1206 1106 ¹·

87 1148 227 1219 recedit,
241 1168 263 1207 a
274 1148 437 1209 Corinthiis
448 1155 480 1207 et
490 1146 656 1228 Corcyraeis
667 1146 798 1218 condita,
811 1148 1054 1227 commodumque
1065 1124 1216 1235 {tugffw'

88 1254 221 1324 portum
233 1244 337 1311 hahet,
349 1262 409 1323 qna
415 1244 566 1323 proximus
577 1245 608 1303 in
621 1242 770 1303 Graeciam
783 1262 802 1303 a
818 1242 984 1304 andusio
995 1254 1053 1303 tra-

86 1342 203 1417 jectus
214 1348 270 1398 est.
292 1338 427 1421 Illyricae
440 1339 700 1417 Macedoniaeque
708 1338 818 1399 circum
826 1348 928 1416 gentes
935 1338 1053 1400 colunt:

94 1436 198 1512 igitur
208 1435 285 1493 inter
296 1444 433 1514 potentes
443 1443 475 1494 et
487 1433 610 1514 cupidos
621 1434 787 1495 libertatem
808 1454 890 1493 suam
903 1454 978 1513 aegre
990 1444 1056 1496 tue·

95 1532 204 1589 hatur.
239 1529 296 1587 Ab
306 1539 409 1589 senatu
421 1548 480 1589 non
491 1538 553 1589 tam
566 1531 694 1589 civitatis
705 1531 770 1607 ejas
780 1550 861 1610 opes,
876 1548 942 1608 quae
955 1540 1058 1589 tenues

97 1634 199 1694 erant,
213 1644 307 1703 quam
317 1644 400 1704 spem
412 1624 502 1684 hrturi
509 1634 541 1684 et
552 1633 683 1704 apertam
696 1624 736 1684 ad
749 1628 861 1703 majora
874 1626 1054 1686 occasionem

100 1728 272 1801 reputante,
295 1739 438 1799 perquam
457 1721 623 1781 humaniter
643 1730 767 1801 accepta
788 1730 833 1780 est
849 1720 975 1799 legatio:
996 1740 1055 1800 quo
1068 1692 1136 1805 ,If-'⁰
1154 1692 1201 1755 Ep.

102 1816 222 1894 gravior
243 1834 315 1874 mox
337 1814 468 1875 vindicta
486 1815 545 1875 luit
565 1817 595 1875 in
619 1816 762 1896 quosdam
789 1816 899 1875 ordinis
918 1818 1055 1877 senatorii
1068 1820 1117 1869 Dio
1126 1818 1218 1884 aava·

98 1914 238 1988 iuvenes,
252 1911 305 1989 qui
317 1909 431 1988 legatos
442 1918 507 1970 orta
518 1912 705 1971 contentione
716 1911 913 1990 pulsaverant.
1067 1884 1152 1995 Qu·

146 2012 196 2065 18.
218 2006 261 2071 Q.
275 2006 354 2063 enim
368 2005 493 2065 Fabium
505 2026 602 2085 neque
612 2006 799 2084 magistratus
811 2004 949 2082 dignitas,
963 2004 1056 2064 cdili-
1085 2011 1139 2060 Vrl.
1152 2010 1218 2059 Mu.

106 2110 195 2161 tatem
212 2102 294 2159 euim
314 2102 447 2179 gerebat,
467 2122 562 2182 neque
582 2102 697 2179 generis
717 2100 881 2180 amplitudo
894 2109 989 2159 tutata
1002 2110 1056 2171 est,
1069 2090 1106 2126 Ἡ·
1117 2079 1142 2125 ⁶·
1153 2082 1177 2125 ⁵·

105 2198 175 2276 quin
197 2196 445 2276 Apolloniatibus
462 2198 503 2257 ob
515 2217 582 2257 eam
595 2216 705 2255 noxam
722 2195 887 2255 dederetur.
931 2193 1059 2255 Deditus

107 2301 150 2351 est
162 2293 256 2351 etiarn
270 2290 331 2352 Cn.
346 2292 497 2371 Apronius
513 2291 616 2352 itidem
637 2291 741 2362 audilis,
763 2290 951 2370 ejusdemque
962 2289 1059 2370 culpae

107 2407 179 2445 rens.
202 2386 277 2445 Hos
288 2386 377 2463 igitur
388 2408 440 2466 per
451 2386 572 2446 feciales
583 2387 689 2465 legatis
698 2384 956 2465 Apolloniatarum
968 2384 1057 2455 tradi,

105 2491 340 2562 quantorumque
351 2502 419 2540 cum
427 2480 678 2541 hisBrundusium
691 2482 743 2552 ire,
758 2490 876 2541 senatus
887 2481 1011 2550 censuit,
1022 2500 1058 2538 ne

106 2576 179 2655 quid
194 2577 224 2634 iu
237 2576 340 2635 itinere
353 2575 458 2654 legatis
469 2596 489 2635 a
500 2575 665 2635 deditorum
672 2578 842 2657 propinquis
854 2577 992 2637 amicisve
1006 2594 1058 2633 no-
1168 2606 1172 2611 ·

106 2682 230 2733 caretur.
275 2670 421 2749 Magnum
442 2691 514 2731 sane
533 2670 604 2731 fidei
625 2672 753 2751 publicae
775 2662 993 2741 documentum,
1006 2668 1059 2727 seul

107 2787 162 2826 non
174 2765 297 2825 inferius
309 2766 490 2847 prudentiae:
511 2786 580 2825 cum
592 2768 669 2825 enim
682 2766 819 2846 opinione
827 2766 951 2845 justitiae
964 2763 1059 2821 naho-

107 2882 176 2921 nnm
187 2870 358 2921 exteramm
377 2862 491 2920 animos
503 2860 542 2919 ad
553 2861 713 2921 amicitiam
724 2880 809 2929 snam
823 2858 970 2919 attrahere
982 2854 1061 2915 desi·

105 2958 255 3027 derarent,
276 2976 454 3036 magnopere
473 2956 623 3026 intererat,
646 2956 767 3033 injurias
784 2974 896 3025 coram,
909 2952 960 3031 qui
973 2950 1059 3031 primi

106 3052 144 3113 ad
161 3053 337 3111 societatem
351 3050 535 3131 jungendam
556 3052 712 3121 venisent,
734 3070 823 3129 quam
843 3046 1060 3109 accuratissime

107 3146 249 3207 vindicari
261 3166 269 3204 :
291 3166 386 3227 neque
398 3146 476 3205 enim
487 3146 645 3226 quicquam
657 3145 810 3205 destinatis
817 3164 917 3204 eorum
928 3152 990 3201 tam
1004 3138 1059 3198 inis

107 3243 214 3302 micum
239 3240 306 3301 lieri
331 3241 483 3321 potuisset,
506 3260 596 3319 quam
617 3242 642 3300 ai
662 3242 847 3302 commissum
869 3248 956 3309 essct,
977 3248 1010 3298 ut
1029 3250 1060 3301 et

108 3335 319 3419 Apolloniatas
331 3334 403 3395 facti
415 3336 471 3406 sui,
484 3343 516 3394 et
536 3334 610 3395 alios
630 3336 759 3416 exempli
778 3336 947 3416 paeniteret:
969 3343 1058 3415 atquc

107 3434 145 3491 ab
154 3434 213 3491 hac
225 3429 354 3490 uu'litatc
366 3440 525 3511 receptum,
534 3439 758 3511 constanterque
767 3432 874 3491 secutis
883 3432 972 3491 etiam
983 3440 1058 3491 tcu-
1087 3444 1116 3493 L.
1129 3449 1170 3496 ιτ.
1179 3446 1206 3496 ff.

108 3528 229 3607 porrbus
241 3534 386 3585 serratum
399 3535 455 3597 est,
469 3535 502 3585 ut
514 3526 566 3604 qui
578 3525 690 3605 legatos
706 3528 834 3587 civitatis
848 3527 947 3587 liberae
960 3526 1058 3608 pulsa-
1069 3511 1101 3558 ‘³⁰
1109 3511 1224 3574 ¹⁰⁸⁸¹⁵⁰¹''

110 3624 227 3693 sanent,
234 3622 280 3693 iis,
287 3642 409 3702 quoram
417 3631 499 3681 erant
508 3621 609 3700 legati,
615 3622 800 3684 dederentur.
815 3622 954 3683 catenum
960 3623 1057 3703 Apol·
1070 3574 1223 3689 llnlrlm'

110 3716 353 3788 loniatm‚‹leditis
366 3718 487 3777 insnum
496 3716 636 3797 oppidum
644 3717 790 3791 adductis,
798 3718 864 3799 plus
873 3740 903 3779 se
912 3717 1059 3779 commodi

112 3832 151 3872 ex
162 3812 343 3873 humanitate
363 3832 452 3892 quarn
472 3832 511 3873 ex
531 3812 663 3873 vindicta
684 3823 890 3874 consecuturos
902 3814 1061 3893 prudenter

24 3911 27 3956 ἰ
113 3908 256 3980 arbitrati,
277 3907 396 3968 domurn
417 3907 578 3968 incolumes
601 3910 782 3969 remiserunt.
824 3908 898 3968 Hoc
921 3928 997 3967 auno
1020 3912 1059 3970 ab
1074 3913 1222 3979 lautomia

116 4012 233 4082 utroque
245 4002 366 4063 consule
379 4001 440 4061 hini
452 4011 520 4061 sunt
532 4002 670 4082 uiumphi
680 4004 773 4065 ducti.
818 4004 859 4063 D.
872 4002 978 4062 lunius
990 4014 1061 4065 anta

116 4097 187 4157 diem
201 4098 338 4177 quintum
351 4096 425 4155 Kal.
437 4098 594 4169 Octobres,
603 4098 766 4158 Numerius
779 4098 890 4158 Fabius
903 4100 1058 4160 antediem

29 4201 33 4214 '
118 4193 225 4251 tertium
239 4191 350 4253 Nonas
362 4191 493 4272 ejusdem
502 4193 609 4253 arensis
619 4192 657 4252 «le
669 4192 866 4274 Sarsinatibus
881 4194 1059 4255 Umbrorum

174 4304 299 4369 Βάρκα
313 4304 449 4353 Unctus.
617 4304 711 4355 Liuias.
739 4382 746 4393 .
1100 4305 1158 4355 tG
