<?xml version="1.0" encoding="UTF-8"?>
<!DOCTYPE html PUBLIC "-//W3C//DTD XHTML 1.0 Transitional//EN"
    "http://www.w3.org/TR/xhtml1/DTD/xhtml1-transitional.dtd">
<html xmlns="http://www.w3.org/1999/xhtml" xml:lang="en" lang="en">
 <head>
  <title>
</title>
<meta http-equiv="Content-Type" content="text/html;charset=utf-8" />
  <meta name='ocr-system' content='tesseract 3.04.00' />
  <meta name='ocr-capabilities' content='ocr_page ocr_carea ocr_par ocr_line ocrx_word'/>
</head>
<body>
  <div class='ocr_page' id='page_1' title='image "./tliviipatavinih00unkngoog/tliviipatavinih00unkngoog_0048.png"; bbox 0 0 2917 4767; ppageno 0'>
   <div class='ocr_carea' id='block_1_1' title="bbox 241 1249 343 1389">
    <p class='ocr_par' dir='ltr' id='par_1_1' title="bbox 241 1249 343 1389">
     <span class='ocr_line' id='line_1_1' title="bbox 242 1249 342 1293; baseline -0.01 -2"><span class='ocrx_word' id='word_1_1' title='bbox 242 1249 342 1293; x_wconf 52' lang='lat' dir='ltr'><strong>mat</strong></span> 
     </span>
     <span class='ocr_line' id='line_1_2' title="bbox 241 1322 343 1389; baseline 0.02 -18"><span class='ocrx_word' id='word_1_2' title='bbox 241 1322 343 1389; x_wconf 76' lang='lat' dir='ltr'><strong>Dionys.</strong></span> 
     </span>
    </p>
   </div>
   <div class='ocr_carea' id='block_1_2' title="bbox 735 362 890 411">
    <p class='ocr_par' dir='ltr' id='par_1_2' title="bbox 735 362 890 411">
     <span class='ocr_line' id='line_1_3' title="bbox 735 362 890 411; baseline 0.006 -1"><span class='ocrx_word' id='word_1_3' title='bbox 735 363 771 411; x_wconf 81' lang='lat' dir='ltr'><strong>T.</strong></span> <span class='ocrx_word' id='word_1_4' title='bbox 795 362 890 411; x_wconf 76' lang='lat' dir='ltr'><strong>mvn</strong></span> 
     </span>
    </p>
   </div>
   <div class='ocr_carea' id='block_1_3' title="bbox 407 508 1457 590">
    <p class='ocr_par' dir='ltr' id='par_1_3' title="bbox 407 508 1457 590">
     <span class='ocr_line' id='line_1_4' title="bbox 407 508 1457 590; baseline 0.001 -22"><span class='ocrx_word' id='word_1_5' title='bbox 407 510 533 569; x_wconf 75' lang='lat' dir='ltr'><strong>licentiis</strong></span> <span class='ocrx_word' id='word_1_6' title='bbox 554 508 702 590; x_wconf 86' lang='lat' dir='ltr'><strong>popularis</strong></span> <span class='ocrx_word' id='word_1_7' title='bbox 726 508 919 569; x_wconf 70' lang='lat' dir='ltr'><strong>cotreendam</strong></span> <span class='ocrx_word' id='word_1_8' title='bbox 945 509 1137 569; x_wconf 70' lang='lat' dir='ltr'><strong>temeritatem</strong></span> <span class='ocrx_word' id='word_1_9' title='bbox 1159 508 1233 569; x_wconf 89' lang='lat' dir='ltr'><strong>utile</strong></span> <span class='ocrx_word' id='word_1_10' title='bbox 1255 528 1361 569; x_wconf 78' lang='lat' dir='ltr'><strong>exem·</strong></span> <span class='ocrx_word' id='word_1_11' title='bbox 1456 575 1457 586; x_wconf 11' lang='grc' dir='ltr'>χ</span> 
     </span>
    </p>
   </div>
   <div class='ocr_carea' id='block_1_4' title="bbox 405 603 1361 1164">
    <p class='ocr_par' dir='ltr' id='par_1_4' title="bbox 405 603 1361 1164">
     <span class='ocr_line' id='line_1_5' title="bbox 408 603 1360 685; baseline 0.001 -21"><span class='ocrx_word' id='word_1_12' title='bbox 408 606 490 685; x_wconf 86' lang='lat' dir='ltr'><strong>plurn</strong></span> <span class='ocrx_word' id='word_1_13' title='bbox 512 605 644 665; x_wconf 82' lang='lat' dir='ltr'><strong>traditur.</strong></span> <span class='ocrx_word' id='word_1_14' title='bbox 688 604 880 664; x_wconf 72' lang='lat' dir='ltr'><strong>Abeuntibus</strong></span> <span class='ocrx_word' id='word_1_15' title='bbox 900 603 1004 682; x_wconf 77' lang='lat' dir='ltr'><strong>legatis</strong></span> <span class='ocrx_word' id='word_1_16' title='bbox 1026 606 1101 665; x_wconf 88' lang='lat' dir='ltr'><strong>inter</strong></span> <span class='ocrx_word' id='word_1_17' title='bbox 1118 605 1283 666; x_wconf 80' lang='lat' dir='ltr'><strong>confertam</strong></span> <span class='ocrx_word' id='word_1_18' title='bbox 1295 604 1360 665; x_wconf 89' lang='lat' dir='ltr'><strong>Ta-</strong></span> 
     </span>
     <span class='ocr_line' id='line_1_6' title="bbox 407 700 1360 781; baseline 0.002 -22"><span class='ocrx_word' id='word_1_19' title='bbox 407 702 584 761; x_wconf 90' lang='lat' dir='ltr'><strong>rentinorum</strong></span> <span class='ocrx_word' id='word_1_20' title='bbox 607 702 815 781; x_wconf 66' lang='lat' dir='ltr'><strong>turbamque</strong></span> <span class='ocrx_word' id='word_1_21' title='bbox 830 701 859 759; x_wconf 89' lang='lat' dir='ltr'><strong>in</strong></span> <span class='ocrx_word' id='word_1_22' title='bbox 874 700 937 780; x_wconf 89' lang='lat' dir='ltr'><strong>ipso</strong></span> <span class='ocrx_word' id='word_1_23' title='bbox 949 702 1056 760; x_wconf 90' lang='lat' dir='ltr'><strong>theatri</strong></span> <span class='ocrx_word' id='word_1_24' title='bbox 1068 702 1151 760; x_wconf 82' lang='lat' dir='ltr'><strong>exitu</strong></span> <span class='ocrx_word' id='word_1_25' title='bbox 1172 702 1360 772; x_wconf 73' lang='lat' dir='ltr'><strong>constiterat,</strong></span> 
     </span>
     <span class='ocr_line' id='line_1_7' title="bbox 406 795 1361 877; baseline 0 -21"><span class='ocrx_word' id='word_1_26' title='bbox 406 814 505 856; x_wconf 84' lang='lat' dir='ltr'><strong>scurra</strong></span> <span class='ocrx_word' id='word_1_27' title='bbox 525 797 647 877; x_wconf 89' lang='lat' dir='ltr'><strong>quidam</strong></span> <span class='ocrx_word' id='word_1_28' title='bbox 662 795 839 855; x_wconf 72' lang='lat' dir='ltr'><strong>Philonides</strong></span> <span class='ocrx_word' id='word_1_29' title='bbox 860 799 941 871; x_wconf 87' lang='lat' dir='ltr'><strong>(nam</strong></span> <span class='ocrx_word' id='word_1_30' title='bbox 957 797 1013 855; x_wconf 88' lang='lat' dir='ltr'><strong>boc</strong></span> <span class='ocrx_word' id='word_1_31' title='bbox 1026 816 1143 875; x_wconf 88' lang='lat' dir='ltr'><strong>quoque</strong></span> <span class='ocrx_word' id='word_1_32' title='bbox 1155 798 1285 856; x_wconf 88' lang='lat' dir='ltr'><strong>moribus</strong></span> <span class='ocrx_word' id='word_1_33' title='bbox 1296 798 1361 856; x_wconf 87' lang='lat' dir='ltr'><strong>suis</strong></span> 
     </span>
     <span class='ocr_line' id='line_1_8' title="bbox 405 891 1359 973; baseline 0.001 -22"><span class='ocrx_word' id='word_1_34' title='bbox 405 902 542 973; x_wconf 89' lang='lat' dir='ltr'><strong>corrupta</strong></span> <span class='ocrx_word' id='word_1_35' title='bbox 554 893 658 953; x_wconf 84' lang='lat' dir='ltr'><strong>civitas</strong></span> <span class='ocrx_word' id='word_1_36' title='bbox 670 891 770 963; x_wconf 90' lang='lat' dir='ltr'><strong>debet,</strong></span> <span class='ocrx_word' id='word_1_37' title='bbox 784 901 819 951; x_wconf 90' lang='lat' dir='ltr'><strong>ut</strong></span> <span class='ocrx_word' id='word_1_38' title='bbox 837 892 987 952; x_wconf 88' lang='lat' dir='ltr'><strong>celebrata</strong></span> <span class='ocrx_word' id='word_1_39' title='bbox 1003 893 1062 951; x_wconf 90' lang='lat' dir='ltr'><strong>sint</strong></span> <span class='ocrx_word' id='word_1_40' title='bbox 1073 892 1228 951; x_wconf 75' lang='lat' dir='ltr'><strong>annalibus</strong></span> <span class='ocrx_word' id='word_1_41' title='bbox 1240 912 1359 952; x_wconf 78' lang='lat' dir='ltr'><strong>soum·</strong></span> 
     </span>
     <span class='ocr_line' id='line_1_9' title="bbox 405 987 1360 1069; baseline 0.003 -24"><span class='ocrx_word' id='word_1_42' title='bbox 405 1006 468 1045; x_wconf 90' lang='lat' dir='ltr'><strong>rum</strong></span> <span class='ocrx_word' id='word_1_43' title='bbox 489 990 618 1059; x_wconf 88' lang='lat' dir='ltr'><strong>nomina,</strong></span> <span class='ocrx_word' id='word_1_44' title='bbox 639 987 863 1047; x_wconf 87' lang='lat' dir='ltr'><strong>Tarentinorum</strong></span> <span class='ocrx_word' id='word_1_45' title='bbox 884 989 1047 1069; x_wconf 85' lang='lat' dir='ltr'><strong>principum</strong></span> <span class='ocrx_word' id='word_1_46' title='bbox 1067 989 1246 1065; x_wconf 81' lang='lat' dir='ltr'><strong>ignorentur)</strong></span> <span class='ocrx_word' id='word_1_47' title='bbox 1268 1007 1360 1048; x_wconf 85' lang='lat' dir='ltr'><strong>saera</strong></span> 
     </span>
     <span class='ocr_line' id='line_1_10' title="bbox 405 1082 1359 1164; baseline 0.002 -24"><span class='ocrx_word' id='word_1_48' title='bbox 405 1082 567 1161; x_wconf 79' lang='lat' dir='ltr'><strong>legatorum</strong></span> <span class='ocrx_word' id='word_1_49' title='bbox 600 1086 785 1154; x_wconf 86' lang='lat' dir='ltr'><strong>vestimenta,</strong></span> <span class='ocrx_word' id='word_1_50' title='bbox 818 1085 900 1144; x_wconf 89' lang='lat' dir='ltr'><strong>canis</strong></span> <span class='ocrx_word' id='word_1_51' title='bbox 932 1085 1108 1164; x_wconf 89' lang='lat' dir='ltr'><strong>impudentis</strong></span> <span class='ocrx_word' id='word_1_52' title='bbox 1141 1084 1241 1155; x_wconf 85' lang='lat' dir='ltr'><strong>instar,</strong></span> <span class='ocrx_word' id='word_1_53' title='bbox 1268 1086 1359 1143; x_wconf 86' lang='lat' dir='ltr'><strong>urina</strong></span> 
     </span>
    </p>
   </div>
   <div class='ocr_carea' id='block_1_5' title="bbox 258 1178 1358 1261">
    <p class='ocr_par' dir='ltr' id='par_1_5' title="bbox 258 1178 1358 1261">
     <span class='ocr_line' id='line_1_11' title="bbox 258 1178 1358 1261; baseline 0.011 -35"><span class='ocrx_word' id='word_1_54' title='bbox 258 1178 314 1227; x_wconf 82' lang='lat' dir='ltr'><strong>vat.</strong></span> <span class='ocrx_word' id='word_1_55' title='bbox 323 1181 393 1231; x_wconf 81' lang='lat' dir='ltr'><strong>Max.</strong></span> <span class='ocrx_word' id='word_1_56' title='bbox 404 1181 548 1260; x_wconf 82' lang='lat' dir='ltr'><strong>respersit.</strong></span> <span class='ocrx_word' id='word_1_57' title='bbox 592 1180 690 1240; x_wconf 89' lang='lat' dir='ltr'><strong>Unius</strong></span> <span class='ocrx_word' id='word_1_58' title='bbox 706 1182 803 1261; x_wconf 89' lang='lat' dir='ltr'><strong>spurci</strong></span> <span class='ocrx_word' id='word_1_59' title='bbox 815 1188 847 1239; x_wconf 93' lang='lat' dir='ltr'><strong>et</strong></span> <span class='ocrx_word' id='word_1_60' title='bbox 867 1180 966 1240; x_wconf 85' lang='lat' dir='ltr'><strong>furiosi</strong></span> <span class='ocrx_word' id='word_1_61' title='bbox 982 1180 1106 1239; x_wconf 88' lang='lat' dir='ltr'><strong>bominis</strong></span> <span class='ocrx_word' id='word_1_62' title='bbox 1117 1200 1155 1239; x_wconf 85' lang='lat' dir='ltr'><strong>ea</strong></span> <span class='ocrx_word' id='word_1_63' title='bbox 1166 1200 1248 1239; x_wconf 82' lang='lat' dir='ltr'><strong>noxa</strong></span> <span class='ocrx_word' id='word_1_64' title='bbox 1260 1178 1358 1239; x_wconf 82' lang='lat' dir='ltr'><strong>videri</strong></span> 
     </span>
    </p>
   </div>
   <div class='ocr_carea' id='block_1_6' title="bbox 400 1275 1356 2025">
    <p class='ocr_par' dir='ltr' id='par_1_6' title="bbox 400 1275 1356 2025">
     <span class='ocr_line' id='line_1_12' title="bbox 405 1275 1356 1356; baseline 0.001 -22"><span class='ocrx_word' id='word_1_65' title='bbox 405 1276 555 1354; x_wconf 91' lang='lat' dir='ltr'><strong>potuisset,</strong></span> <span class='ocrx_word' id='word_1_66' title='bbox 569 1276 625 1335; x_wconf 86' lang='lat' dir='ltr'><strong>nisi</strong></span> <span class='ocrx_word' id='word_1_67' title='bbox 641 1276 772 1356; x_wconf 90' lang='lat' dir='ltr'><strong>protinus</strong></span> <span class='ocrx_word' id='word_1_68' title='bbox 786 1277 952 1354; x_wconf 71' lang='lat' dir='ltr'><strong>agnovisset</strong></span> <span class='ocrx_word' id='word_1_69' title='bbox 968 1276 1129 1335; x_wconf 86' lang='lat' dir='ltr'><strong>temulenta</strong></span> <span class='ocrx_word' id='word_1_70' title='bbox 1149 1275 1265 1345; x_wconf 83' lang='lat' dir='ltr'><strong>civitas,</strong></span> <span class='ocrx_word' id='word_1_71' title='bbox 1279 1276 1356 1335; x_wconf 87' lang='lat' dir='ltr'><strong>risn-</strong></span> 
     </span>
     <span class='ocr_line' id='line_1_13' title="bbox 403 1370 1354 1451; baseline 0.003 -24"><span class='ocrx_word' id='word_1_72' title='bbox 403 1390 461 1449; x_wconf 89' lang='lat' dir='ltr'><strong>que</strong></span> <span class='ocrx_word' id='word_1_73' title='bbox 474 1381 505 1430; x_wconf 90' lang='lat' dir='ltr'><strong>et</strong></span> <span class='ocrx_word' id='word_1_74' title='bbox 521 1371 670 1450; x_wconf 87' lang='lat' dir='ltr'><strong>plausibus</strong></span> <span class='ocrx_word' id='word_1_75' title='bbox 683 1372 796 1431; x_wconf 84' lang='lat' dir='ltr'><strong>iactum</strong></span> <span class='ocrx_word' id='word_1_76' title='bbox 809 1371 883 1431; x_wconf 91' lang='lat' dir='ltr'><strong>illud</strong></span> <span class='ocrx_word' id='word_1_77' title='bbox 896 1372 1147 1451; x_wconf 86' lang='lat' dir='ltr'><strong>comprobantium</strong></span> <span class='ocrx_word' id='word_1_78' title='bbox 1160 1379 1254 1429; x_wconf 89' lang='lat' dir='ltr'><strong>totum</strong></span> <span class='ocrx_word' id='word_1_79' title='bbox 1266 1370 1354 1431; x_wconf 85' lang='lat' dir='ltr'><strong>thea-</strong></span> 
     </span>
     <span class='ocr_line' id='line_1_14' title="bbox 402 1465 1356 1545; baseline 0.002 -22"><span class='ocrx_word' id='word_1_80' title='bbox 402 1473 478 1524; x_wconf 87' lang='lat' dir='ltr'><strong>trum</strong></span> <span class='ocrx_word' id='word_1_81' title='bbox 492 1467 675 1527; x_wconf 78' lang='lat' dir='ltr'><strong>insonuisset.</strong></span> <span class='ocrx_word' id='word_1_82' title='bbox 709 1467 881 1526; x_wconf 88' lang='lat' dir='ltr'><strong>Postumius</strong></span> <span class='ocrx_word' id='word_1_83' title='bbox 893 1467 949 1527; x_wconf 90' lang='lat' dir='ltr'><strong>bac</strong></span> <span class='ocrx_word' id='word_1_84' title='bbox 961 1486 1034 1526; x_wconf 81' lang='lat' dir='ltr'><strong>voce</strong></span> <span class='ocrx_word' id='word_1_85' title='bbox 1048 1466 1140 1536; x_wconf 88' lang='lat' dir='ltr'><strong>edita,</strong></span> <span class='ocrx_word' id='word_1_86' title='bbox 1155 1476 1164 1501; x_wconf 89' lang='lat'><em>‘</em></span> <span class='ocrx_word' id='word_1_87' title='bbox 1176 1465 1356 1545; x_wconf 87' lang='lat' dir='ltr'><strong>Accipimus</strong></span> 
     </span>
     <span class='ocr_line' id='line_1_15' title="bbox 400 1561 1355 1643; baseline 0.001 -25"><span class='ocrx_word' id='word_1_88' title='bbox 400 1579 497 1633; x_wconf 90' lang='lat' dir='ltr'><strong>omen,</strong></span> <span class='ocrx_word' id='word_1_89' title='bbox 519 1583 537 1621; x_wconf 93' lang='lat' dir='ltr'><strong>o</strong></span> <span class='ocrx_word' id='word_1_90' title='bbox 549 1582 658 1633; x_wconf 86' lang='lat' dir='ltr'><strong>scurra,</strong></span> <span class='ocrx_word' id='word_1_91' title='bbox 672 1563 791 1643; x_wconf 87' lang='lat' dir='ltr'><strong>quando</strong></span> <span class='ocrx_word' id='word_1_92' title='bbox 812 1572 844 1623; x_wconf 92' lang='lat' dir='ltr'><strong>et</strong></span> <span class='ocrx_word' id='word_1_93' title='bbox 863 1584 901 1623; x_wconf 88' lang='lat' dir='ltr'><strong>ea</strong></span> <span class='ocrx_word' id='word_1_94' title='bbox 921 1563 1005 1622; x_wconf 83' lang='lat' dir='ltr'><strong>nobis</strong></span> <span class='ocrx_word' id='word_1_95' title='bbox 1020 1561 1109 1633; x_wconf 91' lang='lat' dir='ltr'><strong>datis,</strong></span> <span class='ocrx_word' id='word_1_96' title='bbox 1123 1580 1189 1640; x_wconf 81' lang='lat' dir='ltr'><strong>quae</strong></span> <span class='ocrx_word' id='word_1_97' title='bbox 1202 1581 1261 1620; x_wconf 91' lang='lat' dir='ltr'><strong>non</strong></span> <span class='ocrx_word' id='word_1_98' title='bbox 1274 1562 1355 1642; x_wconf 87' lang='lat' dir='ltr'><strong>peti·</strong></span> 
     </span>
     <span class='ocr_line' id='line_1_16' title="bbox 400 1657 1355 1736; baseline 0.003 -23"><span class='ocrx_word' id='word_1_99' title='bbox 400 1658 485 1727; x_wconf 86' lang='lat' dir='ltr'><strong>mus,&#39;</strong></span> <span class='ocrx_word' id='word_1_100' title='bbox 507 1678 664 1717; x_wconf 86' lang='lat' dir='ltr'><strong>conversus</strong></span> <span class='ocrx_word' id='word_1_101' title='bbox 685 1659 723 1719; x_wconf 90' lang='lat' dir='ltr'><strong>ad</strong></span> <span class='ocrx_word' id='word_1_102' title='bbox 745 1658 972 1729; x_wconf 87' lang='lat' dir='ltr'><strong>multitudinem,</strong></span> <span class='ocrx_word' id='word_1_103' title='bbox 999 1666 1167 1736; x_wconf 82' lang='lat' dir='ltr'><strong>vestemque</strong></span> <span class='ocrx_word' id='word_1_104' title='bbox 1191 1657 1355 1734; x_wconf 78' lang='lat' dir='ltr'><strong>ignominia</strong></span> 
     </span>
     <span class='ocr_line' id='line_1_17' title="bbox 400 1752 1353 1831; baseline -0.005 -16"><span class='ocrx_word' id='word_1_105' title='bbox 400 1754 540 1815; x_wconf 81' lang='lat' dir='ltr'><strong>affectam</strong></span> <span class='ocrx_word' id='word_1_106' title='bbox 568 1762 726 1825; x_wconf 84' lang='lat' dir='ltr'><strong>ostentans,</strong></span> <span class='ocrx_word' id='word_1_107' title='bbox 762 1754 812 1813; x_wconf 91' lang='lat' dir='ltr'><strong>ubi</strong></span> <span class='ocrx_word' id='word_1_108' title='bbox 845 1754 1047 1831; x_wconf 76' lang='lat' dir='ltr'><strong>redintegratis</strong></span> <span class='ocrx_word' id='word_1_109' title='bbox 1077 1752 1227 1812; x_wconf 78' lang='lat' dir='ltr'><strong>cachinnis</strong></span> <span class='ocrx_word' id='word_1_110' title='bbox 1259 1752 1353 1811; x_wconf 86' lang='lat' dir='ltr'><strong>etiam</strong></span> 
     </span>
     <span class='ocr_line' id='line_1_18' title="bbox 400 1847 1353 1929; baseline -0.002 -20"><span class='ocrx_word' id='word_1_111' title='bbox 400 1870 500 1909; x_wconf 84' lang='lat' dir='ltr'><strong>versus</strong></span> <span class='ocrx_word' id='word_1_112' title='bbox 522 1850 551 1907; x_wconf 92' lang='lat' dir='ltr'><strong>in</strong></span> <span class='ocrx_word' id='word_1_113' title='bbox 568 1850 709 1929; x_wconf 90' lang='lat' dir='ltr'><strong>populum</strong></span> <span class='ocrx_word' id='word_1_114' title='bbox 722 1848 895 1910; x_wconf 86' lang='lat' dir='ltr'><strong>Romanum</strong></span> <span class='ocrx_word' id='word_1_115' title='bbox 912 1849 1139 1911; x_wconf 87' lang='lat' dir='ltr'><strong>contumeliosos</strong></span> <span class='ocrx_word' id='word_1_116' title='bbox 1154 1848 1222 1907; x_wconf 87' lang='lat' dir='ltr'><strong>cani</strong></span> <span class='ocrx_word' id='word_1_117' title='bbox 1234 1847 1353 1907; x_wconf 82' lang='lat' dir='ltr'><strong>saltari-</strong></span> 
     </span>
     <span class='ocr_line' id='line_1_19' title="bbox 401 1942 1352 2025; baseline -0.003 -20"><span class='ocrx_word' id='word_1_118' title='bbox 401 1966 458 2025; x_wconf 89' lang='lat' dir='ltr'><strong>que</strong></span> <span class='ocrx_word' id='word_1_119' title='bbox 481 1945 573 2017; x_wconf 90' lang='lat' dir='ltr'><strong>videt,</strong></span> <span class='ocrx_word' id='word_1_120' title='bbox 595 1945 748 2017; x_wconf 86' lang='lat' dir='ltr'><strong>‘Ridete,’</strong></span> <span class='ocrx_word' id='word_1_121' title='bbox 765 1946 925 2015; x_wconf 80' lang='lat' dir='ltr'><strong>exclamat,</strong></span> <span class='ocrx_word' id='word_1_122' title='bbox 947 1944 1069 2015; x_wconf 57' lang='lat' dir='ltr'><strong>‘ridete</strong></span> <span class='ocrx_word' id='word_1_123' title='bbox 1091 1942 1255 2014; x_wconf 86' lang='lat' dir='ltr'><strong>Tarentini,</strong></span> <span class='ocrx_word' id='word_1_124' title='bbox 1277 1942 1352 2002; x_wconf 87' lang='lat' dir='ltr'><strong>dum</strong></span> 
     </span>
    </p>
   </div>
   <div class='ocr_carea' id='block_1_7' title="bbox 236 2030 1352 2215">
    <p class='ocr_par' dir='ltr' id='par_1_7' title="bbox 236 2030 1352 2215">
     <span class='ocr_line' id='line_1_20' title="bbox 236 2030 1352 2130; baseline -0.003 -28"><span class='ocrx_word' id='word_1_125' title='bbox 236 2030 287 2062; x_wconf 64' lang='lat'><strong>¹¹⁸⁵</strong></span> <span class='ocrx_word' id='word_1_126' title='bbox 331 2114 338 2130; x_wconf 40' lang='lat'><strong>¹</strong></span> <span class='ocrx_word' id='word_1_127' title='bbox 402 2043 490 2103; x_wconf 88' lang='lat' dir='ltr'><strong>licet:</strong></span> <span class='ocrx_word' id='word_1_128' title='bbox 512 2062 580 2101; x_wconf 89' lang='lat' dir='ltr'><strong>nam</strong></span> <span class='ocrx_word' id='word_1_129' title='bbox 601 2050 705 2122; x_wconf 82' lang='lat' dir='ltr'><strong>postea</strong></span> <span class='ocrx_word' id='word_1_130' title='bbox 725 2041 844 2121; x_wconf 87' lang='lat' dir='ltr'><strong>quidem</strong></span> <span class='ocrx_word' id='word_1_131' title='bbox 865 2040 946 2121; x_wconf 76' lang='lat' dir='ltr'><strong>large</strong></span> <span class='ocrx_word' id='word_1_132' title='bbox 962 2040 1090 2099; x_wconf 70' lang='lat' dir='ltr'><strong>flebitis!</strong></span> <span class='ocrx_word' id='word_1_133' title='bbox 1130 2039 1352 2099; x_wconf 76' lang='lat' dir='ltr'><strong>Iratisadhaeo</strong></span> 
     </span>
     <span class='ocr_line' id='line_1_21' title="bbox 295 2136 1350 2215; baseline -0.002 -19"><span class='ocrx_word' id='word_1_134' title='bbox 295 2145 300 2155; x_wconf 87' lang='lat'>&#39;</span> <span class='ocrx_word' id='word_1_135' title='bbox 334 2177 341 2193; x_wconf 89' lang='lat'><strong>.</strong></span> <span class='ocrx_word' id='word_1_136' title='bbox 402 2138 577 2207; x_wconf 84' lang='lat' dir='ltr'><strong>Tarentinis,</strong></span> <span class='ocrx_word' id='word_1_137' title='bbox 600 2137 661 2195; x_wconf 88' lang='lat' dir='ltr'><strong>‘Et</strong></span> <span class='ocrx_word' id='word_1_138' title='bbox 681 2158 740 2215; x_wconf 91' lang='lat' dir='ltr'><strong>quo</strong></span> <span class='ocrx_word' id='word_1_139' title='bbox 757 2138 872 2214; x_wconf 84' lang='lat' dir='ltr'><strong>magis,’</strong></span> <span class='ocrx_word' id='word_1_140' title='bbox 892 2138 996 2215; x_wconf 90' lang='lat' dir='ltr'><strong>inquit,</strong></span> <span class='ocrx_word' id='word_1_141' title='bbox 1011 2136 1259 2205; x_wconf 67' lang='lat' dir='ltr'><strong>‘stomachamini</strong></span> <span class='ocrx_word' id='word_1_142' title='bbox 1273 2154 1350 2213; x_wconf 74' lang='lat' dir='ltr'><strong>prse-</strong></span> 
     </span>
    </p>
   </div>
   <div class='ocr_carea' id='block_1_8' title="bbox 383 2230 1350 4132">
    <p class='ocr_par' dir='ltr' id='par_1_8' title="bbox 401 2230 1350 2408">
     <span class='ocr_line' id='line_1_22' title="bbox 402 2230 1350 2310; baseline 0 -19"><span class='ocrx_word' id='word_1_143' title='bbox 402 2232 469 2291; x_wconf 90' lang='lat' dir='ltr'><strong>dico</strong></span> <span class='ocrx_word' id='word_1_144' title='bbox 488 2242 598 2292; x_wconf 77' lang='lat' dir='ltr'><strong>vestem</strong></span> <span class='ocrx_word' id='word_1_145' title='bbox 618 2234 705 2291; x_wconf 85' lang='lat' dir='ltr'><strong>istam</strong></span> <span class='ocrx_word' id='word_1_146' title='bbox 725 2234 864 2310; x_wconf 77' lang='lat' dir='ltr'><strong>sanguine</strong></span> <span class='ocrx_word' id='word_1_147' title='bbox 886 2232 979 2293; x_wconf 87' lang='lat' dir='ltr'><strong>multo</strong></span> <span class='ocrx_word' id='word_1_148' title='bbox 992 2234 1076 2292; x_wconf 86' lang='lat' dir='ltr'><strong>vobis</strong></span> <span class='ocrx_word' id='word_1_149' title='bbox 1096 2230 1251 2291; x_wconf 89' lang='lat' dir='ltr'><strong>eluendam</strong></span> <span class='ocrx_word' id='word_1_150' title='bbox 1264 2230 1350 2291; x_wconf 67' lang='lat' dir='ltr'><strong>esse!</strong></span> 
     </span>
     <span class='ocr_line' id='line_1_23' title="bbox 401 2325 1271 2408; baseline 0 -21"><span class='ocrx_word' id='word_1_151' title='bbox 401 2325 566 2397; x_wconf 72' lang='lat' dir='ltr'><strong>Posthac,</strong></span> <span class='ocrx_word' id='word_1_152' title='bbox 582 2326 664 2387; x_wconf 92' lang='lat' dir='ltr'><strong>nullo</strong></span> <span class='ocrx_word' id='word_1_153' title='bbox 677 2327 738 2387; x_wconf 90' lang='lat' dir='ltr'><strong>alio</strong></span> <span class='ocrx_word' id='word_1_154' title='bbox 750 2337 873 2408; x_wconf 87' lang='lat' dir='ltr'><strong>accepto</strong></span> <span class='ocrx_word' id='word_1_155' title='bbox 886 2348 1033 2407; x_wconf 79' lang='lat' dir='ltr'><strong>responso,</strong></span> <span class='ocrx_word' id='word_1_156' title='bbox 1047 2329 1271 2405; x_wconf 78' lang='lat' dir='ltr'><strong>abnaviganrnt.</strong></span> 
     </span>
    </p>

    <p class='ocr_par' dir='ltr' id='par_1_9' title="bbox 383 2420 1348 4132">
     <span class='ocr_line' id='line_1_24' title="bbox 435 2420 1348 2504; baseline 0.002 -23"><span class='ocrx_word' id='word_1_157' title='bbox 435 2428 486 2484; x_wconf 90' lang='grc'><strong>10.·</strong></span> <span class='ocrx_word' id='word_1_158' title='bbox 507 2422 576 2482; x_wconf 85' lang='lat' dir='ltr'><strong>Jam</strong></span> <span class='ocrx_word' id='word_1_159' title='bbox 597 2422 704 2482; x_wconf 75' lang='lat' dir='ltr'><strong>Romae</strong></span> <span class='ocrx_word' id='word_1_160' title='bbox 727 2425 929 2501; x_wconf 80' lang='lat' dir='ltr'><strong>magistratum</strong></span> <span class='ocrx_word' id='word_1_161' title='bbox 949 2433 1126 2504; x_wconf 82' lang='lat' dir='ltr'><strong>occeperunt</strong></span> <span class='ocrx_word' id='word_1_162' title='bbox 1148 2424 1182 2483; x_wconf 88' lang='lat' dir='ltr'><strong>L.</strong></span> <span class='ocrx_word' id='word_1_163' title='bbox 1210 2420 1348 2483; x_wconf 85' lang='lat' dir='ltr'><strong>AEmilius</strong></span> 
     </span>
     <span class='ocr_line' id='line_1_25' title="bbox 397 2516 1347 2600; baseline 0.003 -25"><span class='ocrx_word' id='word_1_164' title='bbox 397 2516 541 2589; x_wconf 85' lang='lat' dir='ltr'><strong>Barbula,</strong></span> <span class='ocrx_word' id='word_1_165' title='bbox 551 2518 593 2585; x_wconf 80' lang='lat' dir='ltr'><strong>Q.</strong></span> <span class='ocrx_word' id='word_1_166' title='bbox 609 2518 742 2578; x_wconf 86' lang='lat' dir='ltr'><strong>Marcius</strong></span> <span class='ocrx_word' id='word_1_167' title='bbox 756 2518 917 2600; x_wconf 86' lang='lat' dir='ltr'><strong>Philippus</strong></span> <span class='ocrx_word' id='word_1_168' title='bbox 935 2519 1094 2579; x_wconf 70' lang='lat' dir='ltr'><strong>consules.t</strong></span> <span class='ocrx_word' id='word_1_169' title='bbox 1137 2518 1200 2577; x_wconf 90' lang='lat' dir='ltr'><strong>His</strong></span> <span class='ocrx_word' id='word_1_170' title='bbox 1211 2531 1347 2578; x_wconf 88' lang='lat' dir='ltr'><strong>senatum</strong></span> 
     </span>
     <span class='ocr_line' id='line_1_26' title="bbox 396 2612 1345 2694; baseline 0.002 -23"><span class='ocrx_word' id='word_1_171' title='bbox 396 2612 580 2684; x_wconf 87' lang='lat' dir='ltr'><strong>habentibus,</strong></span> <span class='ocrx_word' id='word_1_172' title='bbox 594 2634 662 2673; x_wconf 89' lang='lat' dir='ltr'><strong>cum</strong></span> <span class='ocrx_word' id='word_1_173' title='bbox 675 2624 706 2674; x_wconf 90' lang='lat' dir='ltr'><strong>et</strong></span> <span class='ocrx_word' id='word_1_174' title='bbox 718 2624 893 2694; x_wconf 81' lang='lat' dir='ltr'><strong>praetextam</strong></span> <span class='ocrx_word' id='word_1_175' title='bbox 907 2617 1001 2692; x_wconf 89' lang='lat' dir='ltr'><strong>(narn,</strong></span> <span class='ocrx_word' id='word_1_176' title='bbox 1012 2615 1056 2673; x_wconf 88' lang='lat' dir='ltr'><strong>uti</strong></span> <span class='ocrx_word' id='word_1_177' title='bbox 1069 2624 1133 2674; x_wconf 89' lang='lat' dir='ltr'><strong>erat</strong></span> <span class='ocrx_word' id='word_1_178' title='bbox 1143 2613 1267 2684; x_wconf 80' lang='lat' dir='ltr'><strong>loedata,</strong></span> <span class='ocrx_word' id='word_1_179' title='bbox 1277 2632 1345 2673; x_wconf 88' lang='lat' dir='ltr'><strong>earn</strong></span> 
     </span>
     <span class='ocr_line' id='line_1_27' title="bbox 395 2708 1344 2790; baseline 0.002 -23"><span class='ocrx_word' id='word_1_180' title='bbox 395 2708 554 2769; x_wconf 88' lang='lat' dir='ltr'><strong>attulerant</strong></span> <span class='ocrx_word' id='word_1_181' title='bbox 566 2709 669 2789; x_wconf 80' lang='lat' dir='ltr'><strong>legati)</strong></span> <span class='ocrx_word' id='word_1_182' title='bbox 683 2720 845 2780; x_wconf 85' lang='lat' dir='ltr'><strong>cernerent,</strong></span> <span class='ocrx_word' id='word_1_183' title='bbox 859 2720 891 2769; x_wconf 92' lang='lat' dir='ltr'><strong>et</strong></span> <span class='ocrx_word' id='word_1_184' title='bbox 902 2711 970 2790; x_wconf 90' lang='lat' dir='ltr'><strong>ipsis</strong></span> <span class='ocrx_word' id='word_1_185' title='bbox 988 2710 1202 2790; x_wconf 84' lang='lat' dir='ltr'><strong>exponentibus</strong></span> <span class='ocrx_word' id='word_1_186' title='bbox 1214 2717 1344 2769; x_wconf 87' lang='lat' dir='ltr'><strong>ceterum</strong></span> 
     </span>
     <span class='ocr_line' id='line_1_28' title="bbox 394 2804 1342 2886; baseline 0.004 -25"><span class='ocrx_word' id='word_1_187' title='bbox 394 2804 506 2882; x_wconf 83' lang='lat' dir='ltr'><strong>injuriae</strong></span> <span class='ocrx_word' id='word_1_188' title='bbox 520 2814 580 2865; x_wconf 89' lang='lat' dir='ltr'><strong>tam</strong></span> <span class='ocrx_word' id='word_1_189' title='bbox 593 2805 766 2886; x_wconf 89' lang='lat' dir='ltr'><strong>multiplicis</strong></span> <span class='ocrx_word' id='word_1_190' title='bbox 777 2806 908 2866; x_wconf 89' lang='lat' dir='ltr'><strong>ordinem</strong></span> <span class='ocrx_word' id='word_1_191' title='bbox 920 2806 1066 2865; x_wconf 88' lang='lat' dir='ltr'><strong>discerent</strong></span> <span class='ocrx_word' id='word_1_192' title='bbox 1078 2806 1198 2875; x_wconf 85' lang='lat' dir='ltr'><strong>Patres,</strong></span> <span class='ocrx_word' id='word_1_193' title='bbox 1212 2824 1342 2865; x_wconf 85' lang='lat' dir='ltr'><strong>commo·</strong></span> 
     </span>
     <span class='ocr_line' id='line_1_29' title="bbox 393 2900 1342 2979; baseline 0.005 -23"><span class='ocrx_word' id='word_1_194' title='bbox 393 2900 429 2957; x_wconf 93' lang='lat' dir='ltr'><strong>tis</strong></span> <span class='ocrx_word' id='word_1_195' title='bbox 450 2902 590 2979; x_wconf 85' lang='lat' dir='ltr'><strong>majorem</strong></span> <span class='ocrx_word' id='word_1_196' title='bbox 608 2903 637 2960; x_wconf 94' lang='lat' dir='ltr'><strong>in</strong></span> <span class='ocrx_word' id='word_1_197' title='bbox 651 2902 770 2961; x_wconf 84' lang='lat' dir='ltr'><strong>moduni</strong></span> <span class='ocrx_word' id='word_1_198' title='bbox 791 2902 897 2961; x_wconf 88' lang='lat' dir='ltr'><strong>animis</strong></span> <span class='ocrx_word' id='word_1_199' title='bbox 909 2904 1049 2972; x_wconf 88' lang='lat' dir='ltr'><strong>omnium,</strong></span> <span class='ocrx_word' id='word_1_200' title='bbox 1062 2901 1184 2960; x_wconf 90' lang='lat' dir='ltr'><strong>dubium</strong></span> <span class='ocrx_word' id='word_1_201' title='bbox 1196 2920 1254 2959; x_wconf 89' lang='lat' dir='ltr'><strong>non</strong></span> <span class='ocrx_word' id='word_1_202' title='bbox 1267 2911 1342 2973; x_wconf 89' lang='lat' dir='ltr'><strong>erat,</strong></span> 
     </span>
     <span class='ocr_line' id='line_1_30' title="bbox 392 2996 1344 3076; baseline 0.003 -23"><span class='ocrx_word' id='word_1_203' title='bbox 392 2996 462 3075; x_wconf 89' lang='lat' dir='ltr'><strong>quin</strong></span> <span class='ocrx_word' id='word_1_204' title='bbox 489 2998 576 3057; x_wconf 86' lang='lat' dir='ltr'><strong>armis</strong></span> <span class='ocrx_word' id='word_1_205' title='bbox 598 2998 739 3059; x_wconf 84' lang='lat' dir='ltr'><strong>vindicari</strong></span> <span class='ocrx_word' id='word_1_206' title='bbox 765 2997 972 3057; x_wconf 88' lang='lat' dir='ltr'><strong>contumeliam</strong></span> <span class='ocrx_word' id='word_1_207' title='bbox 990 3006 1146 3076; x_wconf 88' lang='lat' dir='ltr'><strong>oporteret.</strong></span> <span class='ocrx_word' id='word_1_208' title='bbox 1189 2996 1252 3056; x_wconf 89' lang='lat' dir='ltr'><strong>Sed</strong></span> <span class='ocrx_word' id='word_1_209' title='bbox 1271 2998 1344 3075; x_wconf 88' lang='lat' dir='ltr'><strong>quia</strong></span> 
     </span>
     <span class='ocr_line' id='line_1_31' title="bbox 392 3091 1344 3171; baseline 0.003 -21"><span class='ocrx_word' id='word_1_210' title='bbox 392 3098 437 3151; x_wconf 87' lang='lat' dir='ltr'><strong>tot</strong></span> <span class='ocrx_word' id='word_1_211' title='bbox 450 3091 514 3153; x_wconf 87' lang='lat' dir='ltr'><strong>aliis</strong></span> <span class='ocrx_word' id='word_1_212' title='bbox 529 3094 666 3155; x_wconf 78' lang='lat' dir='ltr'><strong>adversus</strong></span> <span class='ocrx_word' id='word_1_213' title='bbox 682 3094 876 3154; x_wconf 86' lang='lat' dir='ltr'><strong>validissimas</strong></span> <span class='ocrx_word' id='word_1_214' title='bbox 896 3100 998 3171; x_wconf 80' lang='lat' dir='ltr'><strong>gentes</strong></span> <span class='ocrx_word' id='word_1_215' title='bbox 1010 3092 1096 3151; x_wconf 92' lang='lat' dir='ltr'><strong>bellis</strong></span> <span class='ocrx_word' id='word_1_216' title='bbox 1114 3091 1252 3151; x_wconf 81' lang='lat' dir='ltr'><strong>districtae</strong></span> <span class='ocrx_word' id='word_1_217' title='bbox 1265 3093 1344 3153; x_wconf 83' lang='lat' dir='ltr'><strong>vires</strong></span> 
     </span>
     <span class='ocr_line' id='line_1_32' title="bbox 392 3188 1343 3268; baseline -0.001 -19"><span class='ocrx_word' id='word_1_218' title='bbox 392 3201 487 3261; x_wconf 87' lang='lat' dir='ltr'><strong>erant,</strong></span> <span class='ocrx_word' id='word_1_219' title='bbox 507 3191 655 3259; x_wconf 89' lang='lat' dir='ltr'><strong>statimne,</strong></span> <span class='ocrx_word' id='word_1_220' title='bbox 675 3208 712 3247; x_wconf 87' lang='lat' dir='ltr'><strong>an</strong></span> <span class='ocrx_word' id='word_1_221' title='bbox 735 3199 848 3268; x_wconf 90' lang='lat' dir='ltr'><strong>postea,</strong></span> <span class='ocrx_word' id='word_1_222' title='bbox 870 3196 972 3248; x_wconf 90' lang='lat' dir='ltr'><strong>eontra</strong></span> <span class='ocrx_word' id='word_1_223' title='bbox 993 3188 1168 3248; x_wconf 88' lang='lat' dir='ltr'><strong>Tarentinos</strong></span> <span class='ocrx_word' id='word_1_224' title='bbox 1182 3188 1343 3248; x_wconf 88' lang='lat' dir='ltr'><strong>mittendus</strong></span> 
     </span>
     <span class='ocr_line' id='line_1_33' title="bbox 392 3283 1342 3364; baseline -0.001 -19"><span class='ocrx_word' id='word_1_225' title='bbox 392 3287 537 3346; x_wconf 85' lang='lat' dir='ltr'><strong>exereitus</strong></span> <span class='ocrx_word' id='word_1_226' title='bbox 558 3294 645 3353; x_wconf 69' lang='lat' dir='ltr'><strong>emet,</strong></span> <span class='ocrx_word' id='word_1_227' title='bbox 659 3303 762 3364; x_wconf 90' lang='lat' dir='ltr'><strong>parum</strong></span> <span class='ocrx_word' id='word_1_228' title='bbox 783 3284 999 3363; x_wconf 84' lang='lat' dir='ltr'><strong>expediebant:</strong></span> <span class='ocrx_word' id='word_1_229' title='bbox 1021 3283 1184 3362; x_wconf 86' lang='lat' dir='ltr'><strong>multosque</strong></span> <span class='ocrx_word' id='word_1_230' title='bbox 1205 3304 1258 3363; x_wconf 87' lang='lat' dir='ltr'><strong>per</strong></span> <span class='ocrx_word' id='word_1_231' title='bbox 1277 3284 1342 3345; x_wconf 84' lang='lat' dir='ltr'><strong>dies</strong></span> 
     </span>
     <span class='ocr_line' id='line_1_34' title="bbox 392 3378 1339 3459; baseline 0 -20"><span class='ocrx_word' id='word_1_232' title='bbox 392 3382 430 3439; x_wconf 86' lang='lat' dir='ltr'><strong>ab</strong></span> <span class='ocrx_word' id='word_1_233' title='bbox 443 3388 508 3439; x_wconf 89' lang='lat' dir='ltr'><strong>orta</strong></span> <span class='ocrx_word' id='word_1_234' title='bbox 521 3380 585 3439; x_wconf 90' lang='lat' dir='ltr'><strong>luce</strong></span> <span class='ocrx_word' id='word_1_235' title='bbox 599 3378 638 3437; x_wconf 86' lang='lat' dir='ltr'><strong>ad</strong></span> <span class='ocrx_word' id='word_1_236' title='bbox 651 3398 787 3438; x_wconf 86' lang='lat' dir='ltr'><strong>oceasum</strong></span> <span class='ocrx_word' id='word_1_237' title='bbox 799 3379 868 3440; x_wconf 91' lang='lat' dir='ltr'><strong>solis</strong></span> <span class='ocrx_word' id='word_1_238' title='bbox 880 3400 910 3438; x_wconf 91' lang='lat' dir='ltr'><strong>re</strong></span> <span class='ocrx_word' id='word_1_239' title='bbox 925 3382 954 3439; x_wconf 91' lang='lat' dir='ltr'><strong>in</strong></span> <span class='ocrx_word' id='word_1_240' title='bbox 966 3389 1068 3440; x_wconf 90' lang='lat' dir='ltr'><strong>senatu</strong></span> <span class='ocrx_word' id='word_1_241' title='bbox 1081 3379 1257 3459; x_wconf 86' lang='lat' dir='ltr'><strong>disceptata,</strong></span> <span class='ocrx_word' id='word_1_242' title='bbox 1270 3400 1339 3439; x_wconf 90' lang='lat' dir='ltr'><strong>curn</strong></span> 
     </span>
     <span class='ocr_line' id='line_1_35' title="bbox 391 3475 1341 3556; baseline 0 -21"><span class='ocrx_word' id='word_1_243' title='bbox 391 3476 441 3535; x_wconf 92' lang='lat' dir='ltr'><strong>alii</strong></span> <span class='ocrx_word' id='word_1_244' title='bbox 468 3476 559 3535; x_wconf 87' lang='lat' dir='ltr'><strong>‘nihil</strong></span> <span class='ocrx_word' id='word_1_245' title='bbox 585 3475 757 3535; x_wconf 83' lang='lat' dir='ltr'><strong>tentandum</strong></span> <span class='ocrx_word' id='word_1_246' title='bbox 790 3476 957 3556; x_wconf 84' lang='lat' dir='ltr'><strong>priusquam</strong></span> <span class='ocrx_word' id='word_1_247' title='bbox 983 3484 1088 3535; x_wconf 72' lang='lat' dir='ltr'><strong>cetera</strong></span> <span class='ocrx_word' id='word_1_248' title='bbox 1113 3476 1260 3545; x_wconf 86' lang='lat' dir='ltr'><strong>civitates,</strong></span> <span class='ocrx_word' id='word_1_249' title='bbox 1287 3486 1341 3535; x_wconf 88' lang='lat' dir='ltr'><strong>aut</strong></span> 
     </span>
     <span class='ocr_line' id='line_1_36' title="bbox 390 3569 1339 3653; baseline 0 -22"><span class='ocrx_word' id='word_1_250' title='bbox 390 3572 494 3631; x_wconf 87' lang='lat' dir='ltr'><strong>saltem</strong></span> <span class='ocrx_word' id='word_1_251' title='bbox 508 3592 575 3653; x_wconf 80' lang='lat' dir='ltr'><strong>quae</strong></span> <span class='ocrx_word' id='word_1_252' title='bbox 588 3572 720 3632; x_wconf 74' lang='lat' dir='ltr'><strong>finitima</strong></span> <span class='ocrx_word' id='word_1_253' title='bbox 733 3570 862 3631; x_wconf 88' lang='lat' dir='ltr'><strong>Tarento</strong></span> <span class='ocrx_word' id='word_1_254' title='bbox 875 3581 971 3631; x_wconf 75' lang='lat' dir='ltr'><strong>essem</strong></span> <span class='ocrx_word' id='word_1_255' title='bbox 983 3571 1178 3651; x_wconf 88' lang='lat' dir='ltr'><strong>pacarentur,’</strong></span> <span class='ocrx_word' id='word_1_256' title='bbox 1192 3569 1244 3630; x_wconf 88' lang='lat' dir='ltr'><strong>alii</strong></span> <span class='ocrx_word' id='word_1_257' title='bbox 1257 3573 1339 3631; x_wconf 87' lang='lat' dir='ltr'><strong>‘sine</strong></span> 
     </span>
     <span class='ocr_line' id='line_1_37' title="bbox 391 3668 1339 3747; baseline -0.003 -18"><span class='ocrx_word' id='word_1_258' title='bbox 391 3690 472 3729; x_wconf 88' lang='lat' dir='ltr'><strong>mora</strong></span> <span class='ocrx_word' id='word_1_259' title='bbox 498 3669 713 3729; x_wconf 89' lang='lat' dir='ltr'><strong>decernendum</strong></span> <span class='ocrx_word' id='word_1_260' title='bbox 739 3688 802 3728; x_wconf 88' lang='lat' dir='ltr'><strong>esse</strong></span> <span class='ocrx_word' id='word_1_261' title='bbox 827 3668 954 3727; x_wconf 88' lang='lat' dir='ltr'><strong>bellum’</strong></span> <span class='ocrx_word' id='word_1_262' title='bbox 980 3675 1160 3747; x_wconf 75' lang='lat' dir='ltr'><strong>pugnarent3</strong></span> <span class='ocrx_word' id='word_1_263' title='bbox 1192 3676 1339 3747; x_wconf 87' lang='lat' dir='ltr'><strong>postremo</strong></span> 
     </span>
     <span class='ocr_line' id='line_1_38' title="bbox 391 3763 1337 3832; baseline -0.003 -6"><span class='ocrx_word' id='word_1_264' title='bbox 391 3766 547 3827; x_wconf 88' lang='lat' dir='ltr'><strong>numeratis</strong></span> <span class='ocrx_word' id='word_1_265' title='bbox 567 3765 717 3825; x_wconf 88' lang='lat' dir='ltr'><strong>sententiis</strong></span> <span class='ocrx_word' id='word_1_266' title='bbox 737 3763 1020 3824; x_wconf 86' lang='lat' dir='ltr'><strong>senatusconsultum</strong></span> <span class='ocrx_word' id='word_1_267' title='bbox 1039 3763 1151 3822; x_wconf 82' lang='lat' dir='ltr'><strong>lactum</strong></span> <span class='ocrx_word' id='word_1_268' title='bbox 1164 3773 1219 3832; x_wconf 91' lang='lat' dir='ltr'><strong>est,</strong></span> <span class='ocrx_word' id='word_1_269' title='bbox 1234 3773 1287 3823; x_wconf 88' lang='lat' dir='ltr'><strong>‘ut</strong></span> <span class='ocrx_word' id='word_1_270' title='bbox 1298 3763 1337 3823; x_wconf 91' lang='lat' dir='ltr'><strong>de</strong></span> 
     </span>
     <span class='ocr_line' id='line_1_39' title="bbox 389 3858 1336 3940; baseline -0.003 -18"><span class='ocrx_word' id='word_1_271' title='bbox 389 3861 469 3922; x_wconf 89' lang='lat' dir='ltr'><strong>bello</strong></span> <span class='ocrx_word' id='word_1_272' title='bbox 481 3860 645 3921; x_wconf 86' lang='lat' dir='ltr'><strong>Tarentinis</strong></span> <span class='ocrx_word' id='word_1_273' title='bbox 658 3859 810 3919; x_wconf 81' lang='lat' dir='ltr'><strong>inserendo</strong></span> <span class='ocrx_word' id='word_1_274' title='bbox 822 3858 861 3919; x_wconf 93' lang='lat' dir='ltr'><strong>ad</strong></span> <span class='ocrx_word' id='word_1_275' title='bbox 880 3858 1019 3940; x_wconf 88' lang='lat' dir='ltr'><strong>populum</strong></span> <span class='ocrx_word' id='word_1_276' title='bbox 1033 3858 1174 3919; x_wconf 61' lang='lat' dir='ltr'><strong>serretur?</strong></span> <span class='ocrx_word' id='word_1_277' title='bbox 1216 3858 1256 3917; x_wconf 93' lang='lat' dir='ltr'><strong>Id</strong></span> <span class='ocrx_word' id='word_1_278' title='bbox 1267 3876 1336 3919; x_wconf 86' lang='lat' dir='ltr'><strong>cunt</strong></span> 
     </span>
     <span class='ocr_line' id='line_1_40' title="bbox 390 3954 1336 4037; baseline -0.002 -21"><span class='ocrx_word' id='word_1_279' title='bbox 390 3958 515 4037; x_wconf 89' lang='lat' dir='ltr'><strong>populus</strong></span> <span class='ocrx_word' id='word_1_280' title='bbox 534 3978 676 4018; x_wconf 89' lang='lat' dir='ltr'><strong>consensu</strong></span> <span class='ocrx_word' id='word_1_281' title='bbox 692 3956 838 4033; x_wconf 89' lang='lat' dir='ltr'><strong>jussisset,</strong></span> <span class='ocrx_word' id='word_1_282' title='bbox 861 3956 899 4013; x_wconf 94' lang='lat' dir='ltr'><strong>ad</strong></span> <span class='ocrx_word' id='word_1_283' title='bbox 925 3954 1075 4014; x_wconf 79' lang='lat' dir='ltr'><strong>AEmiliurn</strong></span> <span class='ocrx_word' id='word_1_284' title='bbox 1102 3954 1262 4024; x_wconf 84' lang='lat' dir='ltr'><strong>consulem,</strong></span> <span class='ocrx_word' id='word_1_285' title='bbox 1283 3958 1336 4033; x_wconf 90' lang='lat' dir='ltr'><strong>qui</strong></span> 
     </span>
     <span class='ocr_line' id='line_1_41' title="bbox 383 4050 1334 4132; baseline -0.001 -21"><span class='ocrx_word' id='word_1_286' title='bbox 383 4054 491 4131; x_wconf 88' lang='lat' dir='ltr'><strong>jamin</strong></span> <span class='ocrx_word' id='word_1_287' title='bbox 514 4054 665 4114; x_wconf 83' lang='lat' dir='ltr'><strong>Samnium</strong></span> <span class='ocrx_word' id='word_1_288' title='bbox 687 4052 725 4111; x_wconf 87' lang='lat' dir='ltr'><strong>ad</strong></span> <span class='ocrx_word' id='word_1_289' title='bbox 740 4052 900 4111; x_wconf 85' lang='lat' dir='ltr'><strong>exercitum</strong></span> <span class='ocrx_word' id='word_1_290' title='bbox 922 4050 1070 4131; x_wconf 82' lang='lat' dir='ltr'><strong>profectus</strong></span> <span class='ocrx_word' id='word_1_291' title='bbox 1089 4050 1196 4121; x_wconf 85' lang='lat' dir='ltr'><strong>luerat,</strong></span> <span class='ocrx_word' id='word_1_292' title='bbox 1218 4051 1334 4132; x_wconf 71' lang='lat' dir='ltr'><strong>scripta</strong></span> 
     </span>
    </p>
   </div>
   <div class='ocr_carea' id='block_1_9' title="bbox 675 4192 1052 4246">
    <p class='ocr_par' dir='ltr' id='par_1_10' title="bbox 675 4192 1052 4246">
     <span class='ocr_line' id='line_1_42' title="bbox 675 4192 1052 4246; baseline -0.003 0"><span class='ocrx_word' id='word_1_293' title='bbox 675 4194 738 4245; x_wconf 79' lang='lat' dir='ltr'><strong>sA.</strong></span> <span class='ocrx_word' id='word_1_294' title='bbox 750 4195 782 4245; x_wconf 86' lang='lat' dir='ltr'><strong>U.</strong></span> <span class='ocrx_word' id='word_1_295' title='bbox 795 4196 824 4246; x_wconf 88' lang='lat' dir='ltr'><strong>C.</strong></span> <span class='ocrx_word' id='word_1_296' title='bbox 836 4196 892 4245; x_wconf 78' lang='grc'><strong>471.</strong></span> <span class='ocrx_word' id='word_1_297' title='bbox 909 4192 1052 4245; x_wconf 50' lang='lat' dir='ltr'><strong>heddi.</strong></span> 
     </span>
    </p>
   </div>
   <div class='ocr_carea' id='block_1_10' title="bbox 0 0 1464 4767">
    <p class='ocr_par' dir='ltr' id='par_1_11' title="bbox 0 0 1464 4767">
     <span class='ocr_line' id='line_1_43' title="bbox 0 0 1464 4767; baseline 0 7"><span class='ocrx_word' id='word_1_298' title='bbox 0 0 1464 4767; x_wconf 95' lang='lat' dir='ltr'><strong> </strong></span> 
     </span>
    </p>
   </div>
  </div>
 </body>
</html>
