2917 4767
725 360 760 409 'l'-
786 361 879 410 tlvn

399 501 542 580 persuasit
562 502 616 570 eis,
641 503 708 561 ‘uti
728 485 788 581 quo
811 503 859 561 die
879 510 997 561 senatus
1017 502 1182 569 haberetur,
1205 500 1234 560 in
1258 498 1366 559 sorum

398 597 569 677 agminatim
581 598 734 677 progressi,
746 599 879 659 fraudem
892 600 951 657 sibi
961 600 991 656 in
1004 597 1185 657 dimetiendo
1205 597 1365 657 frumento

397 691 508 751 factam
527 712 591 751 ease
609 693 856 753 vociferarentur:
878 694 946 753 inde
961 695 1138 753 nascituram
1151 693 1366 752 occasionem'

397 786 499 847 diceus
519 797 596 847 ‘aut
614 789 782 867 exequendi
802 789 916 849 consilii
929 789 985 858 sui,
1006 799 1058 848 aut
1078 798 1157 848 certe
1179 786 1364 867 speculandi

397 882 469 961 quid
491 883 629 943 adversus
649 885 761 943 subitos
781 885 926 963 ejusmodi
947 892 1044 943 motus
1065 884 1155 945 animi
1177 883 1363 961 consiliique

398 978 542 1038 Patribus
553 981 652 1041 emet!
694 979 824 1059 Quoque
838 981 904 1060 plus
917 978 989 1039 fidei
1000 979 1122 1050 faceret,
1136 980 1197 1059 ipse
1211 978 1363 1057 processit

397 1092 467 1142 ona,
481 1094 575 1153 neque
595 1075 732 1135 comitem
754 1076 841 1135 modo
863 1096 894 1134 se
913 1074 1055 1135 tumultus
1071 1077 1157 1152 ejus,r
1176 1074 1229 1133 sed
1243 1073 1361 1153 princi·

398 1189 465 1248 pem
485 1170 648 1248 ducemque
670 1172 811 1249 praebuit:
834 1170 912 1229 unde
932 1179 1056 1231 vocatus
1068 1170 1107 1229 ad
1121 1180 1267 1239 senatum,
1281 1189 1361 1229 con-

396 1265 562 1343 spirationis
586 1264 713 1324 occultae
739 1264 901 1344 periculum
928 1266 1143 1343 commentique
1171 1266 1216 1323 sui
1246 1284 1361 1325 causas

396 1361 543 1438 exposuit.
586 1359 705 1429 Patres,
719 1359 903 1441 dissimulata
915 1361 989 1421 lacti
1006 1360 1197 1429 conscicntia,
1212 1360 1360 1429 miserunt

397 1455 448 1531 qui
469 1454 585 1514 turbam
607 1454 690 1513 illam
710 1454 826 1519 blandis
846 1457 943 1515 verbis
962 1454 1116 1521 delinitam
1133 1454 1237 1515 domos
1249 1455 1357 1515 absoc-

396 1549 466 1608 dere
482 1549 640 1627 juberent:
662 1550 808 1609 ‘daturos
827 1572 946 1630 operam
968 1551 1088 1620 Patres,
1104 1561 1137 1610 ut
1156 1551 1265 1630 injuria
1285 1571 1356 1630 quse

397 1643 478 1704 lacta
490 1644 636 1704 diceretur
647 1644 776 1716 sublata,
782 1647 860 1723 -juris
872 1648 917 1707 sui
929 1647 1036 1725 cuique
1049 1648 1138 1725 copia
1151 1645 1255 1706 fieret'
1302 1646 1357 1705 Ita

395 1742 541 1819 conjurati
565 1739 655 1800 latere
678 1740 776 1801 adhuc
796 1742 951 1801 consilium
973 1761 1057 1801 suum
1082 1741 1285 1801 existimantes
1307 1742 1357 1801 di-

397 1838 488 1913 gressi
508 1846 586 1899 suut.
634 1834 736 1895 Nocte
757 1856 826 1896 vero
849 1838 983 1917 proxima
1005 1858 1073 1896 suos
1095 1837 1217 1915 quisque
1242 1856 1355 1910 servos,

396 1952 471 2009 quos
488 1932 597 1991 indicio
617 1930 726 1990 Potilii
746 1932 863 1991 sceleris
883 1952 946 1991 esse
964 1933 1123 2012 participes
1141 1944 1355 2010 cognoverant,

396 2027 503 2087 vinxit.
545 2026 722 2087 Samnitium
734 2047 851 2107 quoque
865 2027 995 2108 plerique
1009 2029 1038 2087 in
1052 2028 1185 2108 hospitiis
1199 2028 1258 2087 suis
1270 2046 1355 2087 com-

397 2123 540 2201 prehensi.
1333 2134 1337 2141 '

439 2225 490 2277 19.
513 2215 627 2277 Nescio
639 2237 678 2276 au
692 2217 756 2278 haec
768 2234 850 2289 eura,
866 2240 904 2279 ao
917 2240 987 2280 vero
1001 2220 1081 2281 aliud
1097 2221 1279 2299 negotiorum
1300 2230 1357 2279 aut

399 2311 575 2372 valetudinis
595 2312 834 2391 impedimentum
856 2314 895 2374 C.
911 2315 1030 2375 Florum
1052 2318 1190 2387 tenuerit,
1209 2336 1246 2374 ne
1264 2316 1356 2376 citius

236 2421 375 2472 Dicam.
400 2407 429 2464 iu
451 2405 584 2467 Siciliam
606 2405 853 2486 proficisceretur:
879 2408 908 2467 in
926 2430 986 2489 qua
1000 2410 1158 2471 Hamilcar
1171 2419 1238 2491 post
1251 2413 1354 2490 proxi·

236 2489 254 2537 ¹·
267 2503 349 2536 ¹¹¹³·
398 2521 476 2561 mam
495 2502 648 2562 victoriam
670 2522 716 2561 res
736 2502 1022 2582 Carthaginiensium
1039 2508 1151 2585 magnis
1173 2504 1354 2586 profectibus

398 2597 580 2681 restituebat.
631 2596 752 2677 Quippe
775 2598 937 2659 Camarina
959 2610 990 2659 et
1012 2601 1100 2661 Enna
1121 2601 1284 2681 proditione
1307 2612 1353 2660 r‘e-

397 2693 501 2772 ceptis,
516 2691 699 2773 Drepanum,
714 2693 765 2777 ubi
786 2704 886 2773 portus
906 2697 1040 2773 egregius
1058 2704 1132 2765 erat,
1146 2696 1352 2765 communivit,

396 2798 428 2849 et
452 2790 482 2847 in
507 2788 610 2870 oppidi
634 2788 758 2847 sormam
785 2791 880 2859 auxit,
904 2790 1080 2849 transductis
1106 2791 1177 2850 illuc
1200 2790 1353 2869 Erycinis,

397 2903 520 2963 quonum
534 2883 650 2953 urbem,
672 2903 709 2943 oe
731 2884 879 2944 Romanis
900 2885 962 2943 usui
980 2884 1067 2955 soret,
1082 2894 1187 2965 praeter
1206 2886 1353 2965 templum

310 3020 317 3035 .
398 2978 535 3049 Veneris,
556 2987 711 3039 everterat.
754 2978 855 3065 Multa
874 2979 1014 3059 deinceps
1037 2981 1098 3041 alia
1117 2980 1185 3041 loca
1206 2980 1279 3041 dolo
1300 2994 1354 3039 aut

396 3076 485 3135 muris
504 3076 534 3134 io
557 3084 734 3154 potestatem
755 3074 917 3152 redegerat,
936 3084 1057 3154 totaque
1081 3075 1185 3135 Sicilia
1205 3076 1353 3154 potiturus

396 3170 562 3239 videbatur,
575 3169 630 3228 nisi
650 3168 756 3228 Florus
767 3170 806 3229 ob
819 3190 865 3229 res
880 3170 950 3231 istas
963 3192 999 3231 ne
1012 3172 1067 3231 sub
1079 3172 1215 3251 hyemem
1229 3170 1349 3250 quidem

397 3266 523 3325 insulam
535 3265 697 3342 relinquere
713 3283 801 3323 ausus
813 3264 981 3327 obstitisset.
1185 3252 1189 3260 ’

428 3449 440 3472 '
458 3442 540 3504 Neque
550 3437 667 3490 'comitem
686 3444 754 3491 modo
774 3457 799 3492 te
816 3448 854 3493 tu·
889 3435 1204 3510 curninierpreszonare
1215 3443 1351 3493 malesar-

395 3505 485 3552 multas
495 3505 557 3569 qius]
575 3504 627 3554 Hic
637 3520 688 3555 non
701 3508 766 3556 satis
777 3522 854 3557 accur·
891 3510 962 3567 terit,
978 3510 1023 3559 ‘ur
1040 3512 1165 3559 turnultus
1182 3507 1291 3566 arrctor,’
1302 3522 1352 3571 pc·

395 3576 453 3617 rate
480 3577 652 3633 representat
677 3572 795 3621 aectoris
816 3574 855 3620 siri
888 3574 939 3621 tuit
951 3572 975 3621 io
988 3572 1107 3623 fraudem
1119 3574 1246 3623 inducere
1256 3574 1350 3621 Frein-

396 3646 501 3681 sensum
527 3634 725 3684 Freinshemius.
776 3636 853 3700 Apud
888 3638 1022 3690 theunium.
1055 3638 1107 3687 Sed
1127 3643 1155 3688 et
1173 3652 1251 3700 snpra
1272 3637 1350 3685 Erine

395 3696 598 3747 Zonaramenlm
609 3699 855 3763 EriusPotilinaju·
889 3700 999 3751 Potitius
1036 3712 1143 3751 vocatur
1180 3700 1349 3764 ‘prefectus

396 3760 441 3810 her
451 3763 534 3811 socios
544 3764 649 3812 navales
660 3763 798 3814 vociferari
810 3766 854 3813 ad·
888 3767 1059 3829 auxiliorum,'
1071 3782 1122 3817 non
1130 3767 1219 3830 inepte
1230 3764 1351 3823 fortasse,

396 3828 853 3893 reramseipsum‚tonqua1nsraude
888 3831 910 3879 sl
934 3832 990 3895 quia
1016 3834 1095 3881 solam
1121 3832 1168 3880 rior
1191 3830 1349 3881 Graecorom

396 3904 469 3939 usum
490 3892 514 3940 in
536 3891 696 3941 dimetiendo
717 3894 779 3955 ipsit
799 3892 852 3943 frn-
866 3916 873 3925 ·
886 3894 997 3944 Zonaras
1017 3896 1153 3945 verborum
1170 3894 1316 3951 intueatur,
1336 3896 1350 3943 l

395 3964 484 4004 orento
494 3972 501 4004 r
519 3956 632 4021 ideoque
643 3957 669 4005 in
680 3964 797 4007 senatum
810 3974 852 4007 uo·
885 3960 929 4016 τῆς
938 3959 1048 4017 βοηθείας
1056 3960 1147 4023 ἅρχων.
1158 3959 1203 4008 sed
1212 3973 1304 4022 parurn
1313 3960 1348 4008 ad

395 4021 854 4149 ttt.tr...¹:⁰¹:.l⁸ttl;l..‘¹latit
887 4024 1350 4152 §.tntilltlnltlz'ttttt‘l

396 4147 431 4193 ob
441 4148 545 4209 colpam
558 4151 683 4201 tumultus
693 4159 765 4200 ortua
776 4159 855 4207 esset,
887 4152 1002 4203 mierum
1012 4154 1140 4204 mulam.
1158 4154 1235 4203 Cras.

395 4209 510 4261 declam
526 4214 571 4262 τοῦ
586 4213 856 4281 topdflov·qnmvttht
944 4242 948 4251 ¹
1230 4236 1234 4247 ¹
