2917 4767
220 344 309 413 ΗΜ
702 360 859 412 nomn

223 516 296 566 oros.
307 530 343 568 ιν.
353 521 378 567 a.
429 510 460 565 2.
483 500 580 582 Igitur
593 503 628 564 L.
642 501 790 574 Genucio,
812 506 863 583 qui
878 524 945 565 cnm
959 502 997 566 G.
1011 502 1137 571 Quintio
1148 502 1357 565 comitiatum

386 619 424 660 eo
436 609 540 661 anno·
560 600 691 678 gerebat,
709 599 850 659 mandata
862 608 907 660 est
919 600 1010 661 ultio:
1031 600 1261 681 compulsisque
1276 602 1357 660 intra

386 697 494 756 mrenia
506 695 704 779 perduellibus
715 696 785 755 urbe
797 696 925 757 obsessa.
960 696 1101 757 sediliis
1123 716 1194 756 sues
1219 704 1256 755 et
1282 694 1356 756 Ma-

226 801 311 866 Polyb.
343 814 347 818 ·
387 791 575 851 mertinorum
587 792 663 852 vires
675 811 734 853 non
747 792 892 852 instrenue
905 792 1131 875 opponentibus,
1144 812 1221 853 cum
1234 792 1355 853 incom-

387 886 477 947 moda
489 886 626 967 qurerlam
638 908 740 969 passus
760 888 862 949 consul
882 889 972 948 etiam
992 907 1087 949 rernm
1108 888 1356 948 necessariarum

224 998 310 1046 zoom.
387 983 510 1062 penurie
522 983 679 1056 laboraret,
691 984 732 1043 ab
746 982 891 1055 Hierone,
908 984 959 1064 qui
973 982 1127 1065 Syracusis
1141 984 1353 1065 principatum

387 1079 553 1151 obtinebat,
578 1079 726 1141 frumento
751 1088 782 1140 et
806 1080 899 1140 milite
922 1080 1042 1159 adjutus
1067 1088 1121 1140 est.
1169 1078 1245 1139 Hic
1271 1079 1356 1138 enim

389 1172 575 1236 Mamertinis
598 1175 737 1246 infensus,
765 1177 855 1236 etiam
881 1176 975 1236 socios
999 1195 1100 1235 eorum
1120 1174 1285 1253 Rhegium
1307 1183 1352 1233 te-

388 1279 491 1330 nentes
501 1270 620 1331 oderat:
633 1272 821 1333 incrementis
832 1290 949 1357 quoqne
963 1268 1180 1340 Romanorum,
1195 1282 1352 1330 uteorum

388 1365 500 1426 animos
520 1366 560 1427 ad
578 1387 662 1428 usum
681 1368 866 1446 sequentium
889 1376 1054 1447 temporum
1074 1364 1234 1426 beneficiis
1259 1384 1352 1425 oocu-

250 1476 281 1526 tv.
322 1490 376 1525 arv.
389 1470 483 1541 paret,
502 1464 684 1525 movebatur.
725 1462 777 1523 Sic
790 1461 830 1522 ad
843 1470 1007 1522 extremum
1018 1460 1058 1523 ad
1071 1460 1261 1522 deditionem
1277 1460 1351 1520 urbe

306 1605 314 1621 .
389 1566 495 1618 coacta
516 1558 713 1620 Mamertinos
734 1559 821 1620 certis
840 1556 1055 1619 conditiom'bur
1074 1558 1209 1618 astrictos
1234 1555 1351 1616 dimisit

251 1683 298 1722 ros.
390 1653 510 1714 consul:
536 1655 672 1736 perfugas
693 1662 725 1715 et
750 1648 889 1724 latrones,
915 1673 1038 1733 quorum
1063 1653 1150 1714 multi
1176 1651 1350 1731 Rhegium,

390 1747 524 1811 velutad
538 1751 653 1832 asylum
666 1758 883 1819 concurrerant,
904 1748 1005 1809 affecit
1024 1748 1186 1830 supplicior
1208 1747 1348 1827 legiona-

391 1846 449 1906 rios
465 1856 565 1907 autem
581 1846 689 1907 milites
711 1846 838 1907 abduxit
853 1844 996 1916 Romam,
1018 1854 1051 1905 ut
1074 1844 1111 1905 de
1136 1844 1207 1927 ipsis
1225 1850 1351 1904 senatm

390 1952 542 2005 stameret.

294 2088 303 2103 .
357 2072 381 2105 ι.
431 2036 464 2101 8'.
483 2036 629 2118 Magnum
642 2034 1191 2118 iodopnblicresereritatisexemplnm
1199 2035 1348 2113 sequitur.

231 2136 263 2168 ¹¹·
288 2153 295 2168 ·
339 2154 346 2169 ·
392 2135 520 2196 &notus
532 2135 656 2214 primum
668 2152 780 2204 omnes,
799 2133 851 2211 qui
864 2130 1151 2193 adductisconsule
1163 2130 1298 2199 buerant,
1317 2130 1347 2189 in

391 2249 538 2291 carcerem
550 2228 640 2289 condi
652 2230 762 2308 jussit,
773 2237 807 2287 ut
827 2226 895 2288 inde
913 2226 953 2286 sil
966 2226 1142 2308 supplicium
1155 2228 1268 2308 eapitis
1281 2246 1348 2305 pro-

392 2334 549 2386 merentur.
598 2323 717 2385 Deinde
729 2342 798 2385 cum
809 2324 1016 2383 intercessisset
1027 2321 1284 2383 senamsconsulto
1297 2322 1347 2380 tri-

391 2421 487 2480 bunus
512 2420 608 2501 plebis
629 2419 676 2480 Μ.
699 2418 824 2478 Fulvius
851 2417 991 2489 Flaccus,
1015 2416 1201 2488 denuntians,
1226 2427 1236 2454 ‘
1258 2437 1296 2476 ne
1317 2416 1346 2475 in

388 2510 492 2596 'capita
512 2515 620 2575 civium
633 2514 839 2575 Romanorum
854 2512 1003 2573 sdvems'
1011 2512 1091 2591 leges
1110 2522 1142 2573 et
1157 2533 1271 2573 morem
1284 2532 1346 2571 ma-

387 2615 488 2692 jorum
513 2609 823 2677 umsdverseretun’
852 2607 1017 2669 constantia
1039 2608 1168 2669 Petrum
1193 2605 1347 2668 tribunicii

392 2708 536 2769 clamores
543 2707 633 2788 spreti
641 2714 720 2776 sunt,
734 2704 967 2786 suppliciumque
976 2702 1015 2763 (la
1025 2704 1198 2763 nocentibus
1205 2714 1345 2765 sumtum.

394 2799 447 2863 Ne
469 2813 567 2864 tamen
588 2801 701 2863 invidia
721 2799 795 2860 lacti
816 2808 877 2861 tarn
899 2799 1009 2869 acerbi,
1031 2798 1184 2880 plebisque
1206 2798 1347 2861 moestitia

393 2897 509 2978 gravior
521 2896 607 2968 foret,
626 2897 651 2956 si
664 2904 751 2957 tanta
761 2895 913 2956 bominum
925 2892 1083 2954 multitado
1094 2894 1199 2955 eodem
1210 2904 1345 2976 temporo

394 2992 620 3062 interficerem
649 2991 772 3071 singnis
790 2991 896 3051 diebus
920 2989 1135 3068 qninquaginta
1160 2988 1244 3051 ducti
1266 2998 1344 3059 nme,

234 3109 381 3157 Frontem
394 3110 469 3171 quos
481 3090 571 3168 virgis
582 3108 674 3150 cassos
685 3087 779 3148 securi
793 3092 1004 3195 peccauerunt.
1038 3082 1166 3145 Senatus
1177 3085 1269 3146 etiam
1281 3102 1343 3146 cnr·

232 3186 292 3301 ‘ff
292 3179 383 3301 ἰῐηῑὶ)
395 3206 468 3266 pora
485 3184 614 3266 sepeliri,
635 3192 816 3262 mortemque
836 3182 1010 3259 cujusquam
1022 3199 1123 3240 eornm
1136 3180 1227 3259 lugeri
1241 3179 1344 3242 vetnit.

235 3303 318 3351 νὼ..
359 3253 509 3343 ¹''Deciuo
520 3280 680 3350 lubellius,
701 3280 753 3359 qui
772 3276 811 3339 ad
832 3298 899 3338 eam
916 3298 1007 3359 nuque
1026 3278 1106 3339 diem
1118 3280 1285 3341 oculissuis
1296 3300 1343 3339 su·

394 3377 639 3457 perstesvixsrat
648 3376 799 3453 utmsjore
808 3392 876 3435 cum
887 3373 990 3434 dolore
1002 3384 1171 3447 moreretm,
1184 3377 1214 3435 in
1227 3394 1344 3437 carcere

231 3488 502 3536 stomunmanus
523 3470 582 3531 sibi
608 3469 718 3531 attulit.
765 3469 874 3531 Plures
894 3478 1027 3531 auctores
1046 3481 1174 3543 mutus,
1200 3471 1342 3551 legionem

235 3557 277 3602 ¹⁸·
397 3577 501 3639 totam,
515 3567 664 3628 bominum
677 3566 773 3627 millis
783 3574 920 3647 quatuor,
933 3566 1041 3627 Romus
1054 3568 1084 3627 in
1096 3566 1160 3629 loro
1172 3568 1266 3629 securi
1278 3585 1342 3649 per-

236 3676 323 3741 Polyb.
333 3692 352 3727 1.
360 3681 386 3727 r.
396 3682 482 3725 cusss
492 3663 589 3724 remli.
623 3662 684 3723 Sed
696 3664 793 3723 verius
804 3672 876 3743 puto
888 3662 967 3743 quod
980 3682 999 3723 a
1012 3663 1145 3745 Polybio
1156 3664 1292 3735 madium,
1305 3678 1342 3721 ex

397 3778 436 3821 es
446 3760 561 3839 legione
570 3760 654 3821 rivos
666 3759 696 3817 in
706 3768 881 3839 potestatem
893 3758 1007 3819 venisse
1015 3758 1173 3821 admodum
1186 3766 1341 3821 trecentos:

397 3854 540 3936 reliquum
548 3872 710 3925 numerum,
719 3854 790 3914 dum
800 3856 869 3915 urbe
875 3855 1001 3935 capitur,
1014 3855 1150 3916 ferociter
1156 3852 1342 3936 repugnando

396 3950 473 4012 endi
499 3951 654 4020 malnisse3
683 3970 742 4011 son
768 3952 875 4028 ignaris
894 3952 1039 4022 omnibus,
1066 3960 1132 4032 post
1150 3952 1263 4013 delicta
1283 3960 1341 4011 tam

394 4048 529 4111 enormis
549 4046 621 4112 nibil
642 4066 680 4106 es
695 4045 845 4105 deditione
860 4045 953 4118 alind,
974 4066 1063 4127 quarn
1079 4049 1177 4130 plures
1188 4050 1339 4115 cruciatus.

671 4192 1091 4251 -uuumnacwst
