2917 4767
687 350 722 397 'l'-
748 350 843 397 LlVll

281 536 290 554 .
381 490 494 553 fecisse.
537 490 651 551 Hanno
671 505 738 550 cum
759 490 877 569 reliquis
897 509 935 547 ex
958 489 1060 569 proelio
1077 488 1221 557 navibus,
1236 496 1342 567 prester

295 632 302 649 .
381 606 431 647 ess
450 607 516 668 qua
531 589 695 667 Lilybaeum
708 596 873 656 evaserant,
888 583 1097 662 Carthaginem
1110 592 1269 653 revectam,
1284 602 1346 662 poe·
1440 603 1441 664 j

296 728 302 743 .
381 704 435 743 nas
456 684 635 743 infelicitatis
655 702 714 742 snae
735 682 879 763 supplicio
898 682 1007 759 eapitis
1019 680 1084 739 luit.
1126 680 1175 739 At
1189 679 1234 738 O.
1252 678 1346 737 Lus

382 781 440 840 tius
460 778 561 839 consul
583 779 621 838 ad
642 778 859 859 Lilybaetannm
879 778 1041 836 exercitum
1060 775 1226 855 profectus,
1247 772 1346 832 donec

382 884 550 955 percuratur
563 876 680 945 vulnus,
694 873 876 935 recensendis
889 873 1013 933 naribus
1025 871 1261 950 hominibusque
1273 888 1347 947 cap-

382 972 459 1041 tivis,
481 970 706 1051 imperandoque
726 970 798 1049 quid
819 969 857 1027 de
875 967 999 1045 singulis
1017 966 1081 1026 lieri
1099 966 1348 1043 vellet,.tempus

283 1100 291 1118 ·
383 1066 542 1147 impendit:
564 1067 632 1125 inde
642 1065 789 1146 profectus
801 1065 840 1124 ad
855 1064 983 1143 Erycem
992 1082 1059 1123 cnm
1071 1062 1259 1121 Hamilcare
1269 1078 1347 1139 prie-

383 1162 453 1221 lium
467 1162 625 1221 secundum
638 1160 718 1231 fecit,
732 1161 846 1219 duobus
858 1158 963 1218 occisis
975 1158 1138 1218 Poenorum
1151 1156 1304 1215 millibus.

424 1264 473 1316 59.
497 1257 544 1316 At
564 1256 831 1333 Carthaginienses,
853 1254 971 1333 cognita
990 1251 1085 1313 cladis
1103 1270 1163 1311 suar
1187 1252 1345 1327 magnitu-

220 1355 308 1421 Polyb.
383 1350 464 1421 dine,
477 1352 605 1411 nondum
618 1351 737 1430 quidem
754 1352 843 1409 animi
855 1350 894 1409 ad
913 1347 1132 1408 instaurandum
1146 1346 1281 1415 bellum,
1293 1344 1346 1405 sed

378 1448 445 1523 jam
465 1448 542 1508 vires
562 1456 593 1505 et
610 1446 768 1506 facultates
784 1445 981 1505 deficiebant:
1003 1444 1191 1523 nequeenim
1206 1441 1346 1521 Erycino

383 1543 526 1603 exercitui
538 1542 764 1601 sumministrare
776 1542 939 1600 necessaria
951 1548 1098 1619 poterant,
1111 1558 1193 1597 mare
1212 1537 1345 1596 tenenti-

384 1639 439 1697 bus
459 1637 621 1697 Romanis:
644 1658 750 1717 neque,
764 1638 789 1695 si
810 1638 887 1696 bunc
902 1635 1074 1703 amisissent,
1088 1634 1181 1693 alium
1195 1641 1254 1692 aut
1266 1631 1345 1691 mili-

222 1746 372 1824 ‘comblep
385 1742 456 1805 tem,
470 1744 523 1793 ant
539 1734 644 1793 ducem
667 1734 828 1801 habebant,
842 1732 890 1790 cui
903 1731 1046 1790 auderent
1056 1728 1220 1789 confidere.
1270 1726 1345 1787 Hac

221 1810 556 1939 ss'olglb'l'flffinecessitate
579 1828 617 1887 ad
639 1828 873 1907 desperationem
894 1827 965 1896 acti,
988 1826 1131 1884 miserunt
1149 1824 1190 1883 ad
1214 1822 1344 1883 Hamil·

300 1908 307 1924 ⁸
384 1946 492 1994 earam,
507 1934 682 2005 potestatem
695 1925 723 1982 ei
740 1924 906 1983 deferentes
918 1922 1037 2001 agendi,
1050 1921 1194 2000 quicquid
1215 1942 1235 1980 e
1255 1938 1344 2000 repn-

385 2020 465 2081 blica
484 2020 639 2081 viderctur.
682 2018 793 2097 Neque
807 2020 881 2099 ipse,
897 2038 966 2077 cum
980 2019 1124 2076 hactenns
1135 2018 1245 2096 optimi
1257 2014 1343 2074 ducis

385 2114 512 2175 officinm
535 2116 661 2184 fecisset,
675 2113 848 2173 deteriorem
858 2114 969 2192 ‘patriar
985 2112 1080 2172 civem
1099 2113 1247 2191 prestitit
1292 2110 1342 2168 Li·

386 2211 476 2270 bratis
500 2213 577 2269 eninr
600 2210 762 2269 rationibus
784 2211 930 2279 omnibus,
954 2229 1022 2269 curn
1045 2209 1159 2269 videret
1180 2209 1286 2268 omnia
1309 2226 1341 2265 se

386 2314 539 2384 expertum
557 2303 669 2364 nnllam
689 2304 815 2384 amplius
828 2303 868 2363 ad
880 2303 1005 2364 salutem
1022 2304 1153 2363 civitatis
1164 2324 1227 2363 suoe
1249 2305 1341 2371 mam,

223 2399 297 2449 0⁰¹⁰·
309 2397 375 2461 ΝΘΡ·
387 2400 443 2459 nisi
462 2418 514 2478 per
534 2419 648 2477 pacem,
670 2400 806 2477 reperire,
828 2398 941 2477 legatos
961 2418 999 2457 ea
1018 2399 1056 2457 de
1077 2419 1109 2457 re
1130 2398 1169 2457 ad
1187 2398 1338 2458 consulem

223 2494 307 2545 zonsr.
386 2496 476 2554 misit.
520 2493 630 2573 Neque
651 2496 720 2554 hnic
740 2496 857 2571 ingrata
877 2493 986 2553 accidit
1007 2496 1091 2573 pacis
1110 2495 1239 2554 mentio:
1267 2512 1339 2553 exe-

385 2600 455 2651 unte
475 2591 553 2649 enim
569 2592 634 2668 jam
648 2590 819 2667 magistratu
831 2608 895 2658 suo,
910 2589 1022 2647 nnllam
1035 2589 1207 2669 ampliorem
1220 2606 1338 2669 speram

386 2685 520 2765 gloriam,
535 2705 623 2764 quam
643 2685 717 2745 finiti
738 2705 791 2764 per
810 2704 841 2743 se
861 2683 934 2743 belli
956 2686 1061 2763 quavis
1077 2686 1190 2743 ratione
1203 2682 1337 2764 poterat:

386 2802 452 2841 eam
473 2802 542 2842 vero
563 2781 685 2859 gloriam
706 2780 746 2840 ad
764 2799 959 2839 successorem
977 2781 1184 2848 transmittere,
1201 2800 1273 2839 cnm
1292 2779 1336 2837 sui

386 2877 481 2955 operis
501 2898 563 2936 esse
585 2877 742 2947 videretur,
764 2878 961 2955 importunum
982 2869 1236 2954 inconsultnmque
1254 2873 1337 2953 judi·

386 2972 484 3032 nabat.
526 2971 706 3031 Merebatur
727 2972 815 3030 etiam
837 2971 913 3029 notis
925 2970 1073 3029 Romanae
1085 2971 1127 3028 rei
1140 2971 1294 3047 sngrrstiis,
1306 2976 1337 3026 et

386 3078 453 3146 post
472 3067 588 3127 labores
606 3067 760 3127 continuos
780 3075 826 3124 tot
843 3084 985 3123 annorum
1002 3064 1162 3144 aliquando
1178 3063 1337 3145 rempubli-

386 3182 451 3221 cam
465 3165 564 3242 quiete
576 3160 699 3223 refoveri
712 3170 845 3240 oportere
857 3158 1012 3218 sentiebat.

366 3300 370 3309 .
426 3262 476 3316 60.
499 3256 606 3334 Itaque
627 3255 842 3314 conditionibus
862 3254 937 3314 ultro
959 3255 1091 3333 citroque
1106 3255 1242 3334 jactatis,
1264 3272 1336 3313 con·

386 3352 478 3420 venit,
493 3362 501 3387 ‘
514 3360 547 3410 ut
559 3350 693 3409 universa
707 3348 812 3407 Sicilia
825 3350 914 3410 Poeni
928 3350 1121 3409 excederent:
1146 3350 1257 3410 bellum
1269 3365 1334 3408 cum

224 3464 374 3538 Apptmnp.
389 3444 522 3505 Hierone
548 3444 809 3523 Syracusanisque,
833 3454 865 3503 et
888 3446 974 3504 sociis
998 3465 1098 3504 eorum
1125 3465 1161 3504 ne
1185 3450 1332 3523 gererent:

224 3528 374 3641 {ffllpUmffl
386 3540 520 3618 captivos
539 3558 640 3601 omnes
659 3540 721 3599 sine
742 3541 838 3619 pretio
858 3539 1013 3599 confestim
1028 3539 1194 3610 redderent,
1206 3541 1334 3617 itemque

269 3608 285 3656 y
302 3624 310 3640 ⁶
386 3635 566 3713 transfugas:
589 3636 700 3713 argenti
721 3637 787 3716 puri
808 3636 921 3700 talenta
934 3636 1070 3695 Euboica
1084 3636 1129 3695 bis
1143 3634 1227 3695 mille
1239 3644 1271 3693 et
1280 3632 1333 3691 dn-

386 3740 499 3791 canuc
521 3752 573 3811 per
596 3750 687 3791 annos
710 3731 814 3809 viginti
835 3731 926 3811 saquis
947 3732 1135 3812 pensionibus
1156 3728 1335 3811 penderent:

418 3873 437 3898 ⁸
447 3866 552 3927 Argenti
594 3868 683 3915 talenta
695 3866 800 3916 Euboico
808 3868 845 3916 dia
879 3866 971 3917 ficient
981 3882 1081 3916 marcas
1089 3872 1222 3915 nostrates
1229 3864 1332 3913 181500·

386 3930 450 3979 milla
461 3935 485 3980 st
495 3929 608 3992 ducato]
627 3932 665 3979 Ex
678 3931 758 3981 Festo
768 3932 842 3981 eolli-
879 3933 926 3981 Est
937 3941 965 3983 et
977 3933 1028 3980 stis
1039 3932 1127 3995 opinio
1137 3932 1171 3980 ds
1184 3929 1275 3980 talenti
1285 3927 1333 3976 Es·

386 3996 455 4055 gitur
476 3996 602 4074 talentum
621 3995 767 4071 Enbpicum
784 4010 843 4045 aare
878 3996 945 4045 boici
965 3997 1147 4071 aestimatione,
1165 3994 1202 4072 de·
1216 4009 1266 4072 qna
1283 3988 1332 4040 rid·

387 4074 438 4107 nnn
461 4067 540 4109 terrm
559 4068 634 4123 parts
654 4074 747 4114 rnrnus,
766 4073 844 4123 qnam
878 4067 933 4109 not.
943 4059 976 4108 nd
987 4060 1034 4110 nb.
1047 4071 1160 4110 xxxvii.
1174 4059 1250 4121 lutri,
1260 4060 1332 4110 att.

388 4124 514 4173 talentum
526 4124 652 4174 Atticum.
681 4124 844 4174 andsisa·
882 4126 953 4174 Creu.
1047 4175 1049 4180 ,

387 4189 604 4252 quamur,talentr
612 4187 845 4238 Euboicamttcf·
897 4188 918 4231 .'
