2917 4767
517 378 592 424 tre.
613 376 700 426 xxr.
723 376 807 426 cer.
829 362 883 426 ⁵5.
1165 363 1251 428 1749

112 539 184 585 non
200 530 329 606 capto
346 527 422 588 aute
436 523 526 600 cibo,
542 542 609 587 non
624 542 689 606 ope
703 522 774 587 ulla
787 521 830 587 ad
843 523 1022 587 escendunt
1041 522 1146 606 frigus
1158 525 1249 589 adbi-

112 625 206 700 bita,
221 624 329 690 nihil
344 626 466 691 caloris
481 625 607 690 inerat:
630 633 665 688 et
681 624 844 708 quiequid
860 645 950 691 auree
964 625 1110 690 dominis
1125 644 1249 709 appro-

111 725 395 807 pinquabant‚¹¹
419 725 557 790 afflabat
572 727 682 790 acrior
691 725 824 808 trigoris
835 727 901 791 vis.
932 725 982 790 Ut
997 745 1076 790 vero
1089 727 1250 808 refugien-

110 833 166 890 tes
184 826 382 894 Numidas
393 829 609 913 insequentes
619 847 744 911 aquam
758 829 901 910 ingressi
913 833 1002 906 suut,
1015 827 1068 912 (et
1085 835 1156 892 erat
1168 849 1246 911 peo-

110 930 262 994 toribus
289 939 396 995 tenus
417 940 518 996 aucta
538 938 704 996 nocturno
724 928 855 1012 imbri)
877 939 946 996 turu
968 931 1087 1012 ntique
1103 931 1248 1012 egressis

110 1031 233 1110 rigere
258 1033 428 1096 omnibus
441 1051 600 1116 corpore,
614 1039 653 1097 ut
676 1033 736 1096 vix
757 1051 922 1096 erutorum
945 1030 1160 1094 tenendorum
1185 1049 1248 1112 po·

111 1134 236 1196 tentia
267 1141 403 1209 essent,
419 1140 454 1199 et
479 1133 578 1198 minui
601 1132 837 1208 lassitudine,¹¹
860 1130 1061 1215 procedente
1081 1131 1155 1214 jem
1178 1129 1247 1209 die,

112 1233 215 1297 fame
232 1235 353 1299 etiam
367 1233 522 1298 delicere.
978 1240 982 1246 ’

159 1335 225 1398 55.
257 1335 468 1400 Hannibalis
489 1337 626 1401 interim
638 1336 748 1412 miles,
764 1335 896 1416 ignibus
912 1343 991 1399 ente
1014 1337 1157 1402 tentoria
1177 1337 1248 1402 fao·

116 1434 178 1510 tis,
194 1437 358 1519 oleoque
372 1457 433 1520 per
446 1437 647 1520 manipulos,
655 1443 693 1501 ut
702 1437 871 1501 mollirent
879 1438 1110 1516 artus,misso,
1120 1444 1154 1502 et
1168 1440 1246 1504 cibo

115 1555 183 1617 per
202 1539 327 1602 otium
343 1545 460 1620 capto,
475 1538 775 1620 ubitransgressoe
791 1537 915 1602 flumen
925 1537 1038 1602 hostes
1054 1540 1244 1604 nundetum

116 1643 186 1712 est,
201 1639 331 1704 alacer
346 1639 465 1702 animis
481 1639 744 1722 corporibusque
754 1656 849 1702 arma
861 1639 970 1720 capit,
980 1647 1080 1723 atque
1092 1641 1125 1703 in
1138 1641 1246 1705 aciem

119 1739 310 1818 procedit.
345 1739 501 1804 Baliares
507 1739 599 1803 locat
612 1745 693 1802 ante
703 1739 798 1820 signa
812 1739 991 1822 levemque
1004 1743 1247 1820 ιιιιιιιίιιιιιιιι,14

121 1846 214 1904 octo
230 1842 342 1906 ferme
354 1841 461 1905 millia
471 1839 641 1904 homiuum
652 1851 679 1920 ς’
693 1839 770 1903 dein
782 1839 965 1922 graviorem
977 1841 1077 1904 umis
1089 1841 1247 1923 penitere,
1292 1901 1294 1906 .

123 1941 226 2022 qnod
255 1942 389 2021 virium,
413 1941 506 2024 qnod
529 1941 659 2006 roboris
682 1947 774 2005 erat:
794 1941 829 2004 in
848 1939 1003 2005 cornibus
1033 1941 1247 2008 circumfudit

125 2039 261 2108 decem
278 2043 384 2107 miliia
395 2042 569 2125 equitum
590 2050 627 2106 et
641 2043 686 2107 ab
699 2041 857 2107 cornibus
871 2041 907 2104 iu
923 2048 1093 2127 utramque
1115 2051 1246 2126 partem

128 2141 276 2209 divisos
287 2153 312 2192 ¹⁵
335 2144 536 2228 elephantos
556 2145 687 2208 statuit.
733 2142 863 2208 Gonsnl
883 2141 1008 2208 effusos
1021 2141 1048 2182 ¹⁶
1069 2151 1246 2229 sequentes

129 2247 293 2328 equites,
302 2265 378 2309 eom
392 2246 435 2309 ab
449 2246 685 2310 resistentibus
708 2247 818 2312 subito
837 2244 995 2310 Numidis
1009 2247 1137 2310 incauti
1153 2247 1246 2310 exci-

129 2353 312 2427 perentur,
332 2346 431 2428 siguo
443 2347 592 2429 receptui
613 2346 708 2424 dato,
722 2351 898 2411 revocatos
918 2346 1137 2412 circumdedit
1151 2348 1246 2432 pedi·

133 2447 247 2512 tibus.
292 2447 533 2528 Duodeviginti
556 2446 662 2512 millio
677 2447 827 2512 Romani
836 2455 886 2498 ¹⁷⁸
907 2454 1016 2525 erent,
1037 2449 1166 2513 socium
1186 2469 1246 2512 no·

133 2549 240 2613 urinis
251 2549 277 2588 ¹⁸
311 2550 427 2612 Latini
451 2549 588 2630 viginti3
622 2549 754 2612 auxilia
782 2554 945 2630 preterea
969 2546 1246 2614 Cenomanorum.

135 2647 191 2714 Ee
205 2651 286 2716 sola
299 2652 334 2714 iu
349 2649 417 2714 lide
432 2656 600 2715 manserat
614 2649 752 2715 Gallica
766 2671 859 2732 gens.
904 2647 974 2713 His
987 2651 1095 2733 copiis
1106 2669 1245 2716 concur-

139 2758 295 2816 mest.
340 2750 502 2816 Praelinrn
517 2769 540 2814 a
554 2750 747 2816 Baliaribus
770 2758 879 2815 ortum
901 2753 964 2814 est.
1010 2749 1144 2828 Quibus
1170 2770 1245 2816 eum

138 2845 270 2936 majore
296 2853 412 2916 robore
435 2852 586 2934 legiones
608 2853 822 2929 obsisterent,
838 2851 991 2916 dednetae
1004 2859 1031 2900 ¹⁹
1052 2869 1193 2934 propere
1213 2854 1245 2916 iu

171 3040 186 3062 ·
203 3031 257 3080 Sed
265 3031 363 3079 atores
372 3029 511 3078 osteodes
523 3029 662 3088 sssddsm
671 3044 703 3078 es
712 3029 798 3078 ineolis
809 3027 957 3084 Baliaribus,
971 3029 1056 3093 quibes
1071 3029 1174 3080 mosim
1190 3045 1244 3082 sort·

138 3096 220 3144 etsist
232 3095 292 3143 issi-r
301 3100 432 3149 ummo,
443 3099 495 3143 oete
505 3096 603 3144 circiter
612 3094 714 3143 millius
726 3108 853 3144 numerere
863 3093 971 3155 implens.

604 3235 785 3258 ”munuc

140 3333 223 3382 Mers
238 3334 355 3384 Gronov.
374 3334 484 3397 Donjet.
502 3334 683 3385 creden-lt
699 3335 741 3385 Ad
755 3335 806 3386 ise
823 3333 891 3386 Etr.
902 3339 962 3384 ante
974 3333 1156 3384 Gronau-lt
1173 3333 1244 3384 Olim

141 3397 278 3460 legebatur
295 3398 569 3461 remmom-rs
588 3399 631 3449 lta
650 3413 665 3448 e
685 3412 729 3448 ιιι.
748 3399 814 3449 Mes.
833 3399 915 3448 edidit
935 3399 1018 3449 Drak.
1036 3405 1064 3448 et
1081 3398 1153 3448 simu
1163 3397 1244 3462 jejrrsi

140 3461 260 3512 ommv.
271 3463 379 3525 ueniet.
390 3463 508 3512 Cnrier.
539 3462 573 3512 ln
587 3465 718 3528 plerisque
733 3464 798 3514 Mes.
809 3464 905 3528 legitor
916 3469 940 3513 st
955 3463 1128 3522 mistim
1144 3464 1171 3512 in
1186 3463 1243 3528 qui·

141 3525 250 3575 busdam
262 3531 287 3575 st
295 3527 435 3576 lassitudine
441 3543 452 3584 ,¹
470 3528 497 3575 in
507 3526 575 3578 Edd.
588 3534 655 3582 auti.
665 3533 689 3577 st
699 3529 778 3578 unul.

173 3595 205 3640 ts
223 3593 232 3619 ‘
243 3591 357 3640 Baliares
371 3592 432 3639 isest
442 3596 499 3639 este
512 3591 583 3652 signs
592 3594 709 3655 lmsssqss
718 3597 873 3654 auerterant,
885 3598 915 3642 ut
926 3606 999 3644 xxrr.
1010 3595 1034 3641 t.
1047 3599 1074 3642 et
1084 3589 1140 3642 seir
1150 3600 1244 3653 λογχο·

141 3652 227 3716 φόρον,
243 3655 283 3702 eet
300 3656 425 3717 Bearepeie
441 3669 486 3718 sp.
502 3655 596 3719 Polyb.
610 3668 654 3706 ιιι.
671 3659 713 3704 72.
727 3665 754 3705 et
770 3659 811 3705 88.
844 3657 914 3706 Hine
931 3659 1048 3720 leuemque
1064 3671 1096 3705 ex
1115 3663 1166 3706 ret.
1178 3657 1245 3706 libro

141 3719 230 3780 Sigon.
248 3719 337 3782 recepi
356 3734 402 3781 pro
418 3719 486 3780 vulg.
497 3719 586 3768 lesem!
602 3721 778 3782 Rupere-lli
795 3718 837 3769 Ar.
850 3722 1029 3771 diuersoseltt
1045 3721 1121 3783 Conj.
1133 3721 1243 3781 Rupert.

141 3783 290 3847 effuse-1⁷
302 3783 344 3832 ΑΙ.
357 3784 590 3834 stomoma-re
603 3784 757 3847 Nasonisque
766 3783 833 3834 Edd.
843 3799 931 3835 omnes
943 3793 1004 3834 ente
1016 3784 1161 3834 berh-19
1172 3785 1243 3833 ‘Pro

640 3911 748 3962 Nom

173 4006 458 4066 :Dmdeeigirrtimiilis
469 4006 584 4070 mmai]
602 4009 672 4061 Qus·
711 4005 826 4056 calculus
842 4006 945 4070 Polybii
963 4005 1094 4058 sexdecim
1106 4005 1185 4056 millio
1197 4022 1243 4072 pe-

141 4091 288 4134 tnorerent
307 4083 432 4144 legiones,
450 4092 603 4146 quaternum
621 4084 671 4133 sin·
712 4080 796 4132 ditum
817 4081 992 4134 Romanorum
1019 4083 1047 4134 ἰιι
1074 4099 1105 4136 eo
1126 4086 1242 4134 exercitu

142 4161 209 4220 gne
222 4157 341 4217 millium,
356 4164 425 4206 teste
439 4157 488 4208 snb
505 4156 580 4206 initio
598 4158 674 4221 bajus
712 4159 884 4211 ramesensis·

142 4234 199 4283 libri
221 4235 279 4296 ipso
302 4231 396 4280 Livio:
420 4232 496 4302 unde¹
511 4232 673 4282 verisimilior
