<?xml version="1.0" encoding="UTF-8"?>
<!DOCTYPE html PUBLIC "-//W3C//DTD XHTML 1.0 Transitional//EN"
    "http://www.w3.org/TR/xhtml1/DTD/xhtml1-transitional.dtd">
<html xmlns="http://www.w3.org/1999/xhtml" xml:lang="en" lang="en">
 <head>
  <title>
</title>
<meta http-equiv="Content-Type" content="text/html;charset=utf-8" />
  <meta name='ocr-system' content='tesseract 3.04.00' />
  <meta name='ocr-capabilities' content='ocr_page ocr_carea ocr_par ocr_line ocrx_word'/>
</head>
<body>
  <div class='ocr_page' id='page_1' title='image "./tliviipatavinih00unkngoog/tliviipatavinih00unkngoog_0428.png"; bbox 0 0 2917 4767; ppageno 0'>
   <div class='ocr_carea' id='block_1_1' title="bbox 249 361 879 429">
    <p class='ocr_par' dir='ltr' id='par_1_1' title="bbox 249 361 879 429">
     <span class='ocr_line' id='line_1_1' title="bbox 249 361 879 429; baseline 0 -2"><span class='ocrx_word' id='word_1_1' title='bbox 249 361 337 428; x_wconf 76' lang='lat'>1808</span> <span class='ocrx_word' id='word_1_2' title='bbox 718 379 754 429; x_wconf 83' lang='lat' dir='ltr'>r.</span> <span class='ocrx_word' id='word_1_3' title='bbox 780 377 879 428; x_wconf 83' lang='grc' dir='ltr'>ιινιι</span> 
     </span>
    </p>
   </div>
   <div class='ocr_carea' id='block_1_2' title="bbox 250 521 1360 910">
    <p class='ocr_par' dir='ltr' id='par_1_2' title="bbox 250 521 1360 910">
     <span class='ocr_line' id='line_1_2' title="bbox 250 521 1357 605; baseline -0.001 -18"><span class='ocrx_word' id='word_1_4' title='bbox 250 523 382 604; x_wconf 82' lang='lat' dir='ltr'>agmine</span> <span class='ocrx_word' id='word_1_5' title='bbox 397 521 619 588; x_wconf 77' lang='lat' dir='ltr'>onerariarum</span> <span class='ocrx_word' id='word_1_6' title='bbox 634 521 752 605; x_wconf 89' lang='lat' dir='ltr'>procul</span> <span class='ocrx_word' id='word_1_7' title='bbox 766 523 853 601; x_wconf 86' lang='lat' dir='ltr'>visa,</span> <span class='ocrx_word' id='word_1_8' title='bbox 869 541 946 586; x_wconf 88' lang='lat' dir='ltr'>cum</span> <span class='ocrx_word' id='word_1_9' title='bbox 961 539 1083 604; x_wconf 78' lang='lat' dir='ltr'>magna</span> <span class='ocrx_word' id='word_1_10' title='bbox 1093 522 1214 588; x_wconf 79' lang='lat' dir='ltr'>laetitia</span> <span class='ocrx_word' id='word_1_11' title='bbox 1227 523 1357 588; x_wconf 85' lang='lat' dir='ltr'>civium</span> 
     </span>
     <span class='ocr_line' id='line_1_3' title="bbox 250 621 1360 710; baseline -0.001 -22"><span class='ocrx_word' id='word_1_12' title='bbox 250 624 494 706; x_wconf 87' lang='lat' dir='ltr'>sociorumque,</span> <span class='ocrx_word' id='word_1_13' title='bbox 510 629 643 707; x_wconf 89' lang='lat' dir='ltr'>portum</span> <span class='ocrx_word' id='word_1_14' title='bbox 654 621 856 710; x_wconf 47' lang='lat' dir='ltr'>Tarraco*</span> <span class='ocrx_word' id='word_1_15' title='bbox 872 642 916 686; x_wconf 80' lang='lat' dir='ltr'>ex</span> <span class='ocrx_word' id='word_1_16' title='bbox 932 622 1004 686; x_wconf 91' lang='lat' dir='ltr'>alte</span> <span class='ocrx_word' id='word_1_17' title='bbox 1021 623 1137 686; x_wconf 89' lang='lat' dir='ltr'>tenuit.</span> <span class='ocrx_word' id='word_1_18' title='bbox 1175 623 1232 686; x_wconf 90' lang='lat' dir='ltr'>Ibi</span> <span class='ocrx_word' id='word_1_19' title='bbox 1246 623 1360 687; x_wconf 88' lang='lat' dir='ltr'>milito</span> 
     </span>
     <span class='ocr_line' id='line_1_4' title="bbox 250 723 1359 808; baseline 0 -20"><span class='ocrx_word' id='word_1_20' title='bbox 250 726 419 807; x_wconf 83' lang='lat' dir='ltr'>exposito,</span> <span class='ocrx_word' id='word_1_21' title='bbox 441 725 613 807; x_wconf 84' lang='lat' dir='ltr'>proiectus</span> <span class='ocrx_word' id='word_1_22' title='bbox 627 724 746 808; x_wconf 82' lang='lat' dir='ltr'>Scipio</span> <span class='ocrx_word' id='word_1_23' title='bbox 762 725 854 788; x_wconf 81' lang='lat' dir='ltr'>fratri</span> <span class='ocrx_word' id='word_1_24' title='bbox 869 745 906 790; x_wconf 88' lang='lat' dir='ltr'>se</span> <span class='ocrx_word' id='word_1_25' title='bbox 923 725 1138 808; x_wconf 77' lang='lat' dir='ltr'>conjungitz⁹</span> <span class='ocrx_word' id='word_1_26' title='bbox 1165 743 1208 789; x_wconf 85' lang='lat' dir='ltr'>ac</span> <span class='ocrx_word' id='word_1_27' title='bbox 1229 723 1359 788; x_wconf 87' lang='lat' dir='ltr'>deinde</span> 
     </span>
     <span class='ocr_line' id='line_1_5' title="bbox 250 825 1359 910; baseline -0.002 -20"><span class='ocrx_word' id='word_1_28' title='bbox 250 828 421 890; x_wconf 87' lang='lat' dir='ltr'>communi</span> <span class='ocrx_word' id='word_1_29' title='bbox 441 827 553 891; x_wconf 92' lang='lat' dir='ltr'>animo</span> <span class='ocrx_word' id='word_1_30' title='bbox 569 827 780 910; x_wconf 87' lang='lat' dir='ltr'>consilioque</span> <span class='ocrx_word' id='word_1_31' title='bbox 801 827 958 906; x_wconf 78' lang='lat' dir='ltr'>gerebant</span> <span class='ocrx_word' id='word_1_32' title='bbox 978 825 1115 890; x_wconf 87' lang='lat' dir='ltr'>bellum.</span> <span class='ocrx_word' id='word_1_33' title='bbox 1159 825 1359 908; x_wconf 80' lang='lat' dir='ltr'><strong>Occupatis</strong></span> 
     </span>
    </p>
   </div>
   <div class='ocr_carea' id='block_1_3' title="bbox 138 926 1361 1009">
    <p class='ocr_par' dir='ltr' id='par_1_3' title="bbox 138 926 1361 1009">
     <span class='ocr_line' id='line_1_6' title="bbox 138 926 1361 1009; baseline -0.002 -15"><span class='ocrx_word' id='word_1_34' title='bbox 138 989 141 994; x_wconf 90' lang='lat'>.</span> <span class='ocrx_word' id='word_1_35' title='bbox 250 927 354 1009; x_wconf 77' lang='lat' dir='ltr'>igitur</span> <span class='ocrx_word' id='word_1_36' title='bbox 367 926 704 1009; x_wconf 76' lang='lat' dir='ltr'>Carthaginiensibus</span> <span class='ocrx_word' id='word_1_37' title='bbox 720 927 922 993; x_wconf 81' lang='lat' dir='ltr'>Celtiberico</span> <span class='ocrx_word' id='word_1_38' title='bbox 936 927 1040 1000; x_wconf 89' lang='lat' dir='ltr'>bello,</span> <span class='ocrx_word' id='word_1_39' title='bbox 1055 927 1145 991; x_wconf 92' lang='lat' dir='ltr'>baud</span> <span class='ocrx_word' id='word_1_40' title='bbox 1158 934 1361 992; x_wconf 75' lang='lat' dir='ltr'>cunctanter</span> 
     </span>
    </p>
   </div>
   <div class='ocr_carea' id='block_1_4' title="bbox 247 1029 1372 1518">
    <p class='ocr_par' dir='ltr' id='par_1_4' title="bbox 247 1029 1372 1518">
     <span class='ocr_line' id='line_1_7' title="bbox 252 1029 1356 1112; baseline 0 -20"><span class='ocrx_word' id='word_1_41' title='bbox 252 1029 384 1093; x_wconf 87' lang='lat' dir='ltr'>Iberum</span> <span class='ocrx_word' id='word_1_42' title='bbox 396 1029 693 1111; x_wconf 77' lang='lat' dir='ltr'>transgrediuntur,</span> <span class='ocrx_word' id='word_1_43' title='bbox 707 1049 771 1094; x_wconf 87' lang='lat' dir='ltr'>uec</span> <span class='ocrx_word' id='word_1_44' title='bbox 786 1030 855 1094; x_wconf 91' lang='lat' dir='ltr'>ullo</span> <span class='ocrx_word' id='word_1_45' title='bbox 869 1031 942 1094; x_wconf 83' lang='lat' dir='ltr'>viso</span> <span class='ocrx_word' id='word_1_46' title='bbox 956 1030 1064 1108; x_wconf 86' lang='lat' dir='ltr'>hoste,</span> <span class='ocrx_word' id='word_1_47' title='bbox 1080 1029 1269 1112; x_wconf 77' lang='lat' dir='ltr'>Saguntum</span> <span class='ocrx_word' id='word_1_48' title='bbox 1282 1048 1356 1111; x_wconf 85' lang='lat' dir='ltr'>per·</span> 
     </span>
     <span class='ocr_line' id='line_1_8' title="bbox 252 1129 1360 1214; baseline 0 -20"><span class='ocrx_word' id='word_1_49' title='bbox 252 1139 334 1213; x_wconf 77' lang='lat' dir='ltr'>gunt</span> <span class='ocrx_word' id='word_1_50' title='bbox 356 1131 416 1208; x_wconf 89' lang='lat' dir='ltr'>ire,</span> <span class='ocrx_word' id='word_1_51' title='bbox 439 1130 598 1214; x_wconf 91' lang='lat' dir='ltr'>quodibi</span> <span class='ocrx_word' id='word_1_52' title='bbox 620 1130 757 1195; x_wconf 88' lang='lat' dir='ltr'>obsides</span> <span class='ocrx_word' id='word_1_53' title='bbox 780 1132 884 1194; x_wconf 87' lang='lat' dir='ltr'>totius</span> <span class='ocrx_word' id='word_1_54' title='bbox 907 1130 1088 1214; x_wconf 82' lang='lat' dir='ltr'>Hispaniae</span> <span class='ocrx_word' id='word_1_55' title='bbox 1103 1129 1276 1194; x_wconf 81' lang='lat' dir='ltr'>custodire</span> <span class='ocrx_word' id='word_1_56' title='bbox 1291 1136 1360 1194; x_wconf 88' lang='lat' dir='ltr'>tra-</span> 
     </span>
     <span class='ocr_line' id='line_1_9' title="bbox 254 1229 1372 1302; baseline -0.002 -6"><span class='ocrx_word' id='word_1_57' title='bbox 254 1231 341 1296; x_wconf 89' lang='lat' dir='ltr'>ditos</span> <span class='ocrx_word' id='word_1_58' title='bbox 365 1234 409 1296; x_wconf 92' lang='lat' dir='ltr'>ab</span> <span class='ocrx_word' id='word_1_59' title='bbox 437 1231 633 1296; x_wconf 74' lang='lat' dir='ltr'>Hannibale</span> <span class='ocrx_word' id='word_1_60' title='bbox 657 1231 749 1296; x_wconf 84' lang='lat' dir='ltr'>lama</span> <span class='ocrx_word' id='word_1_61' title='bbox 774 1239 846 1296; x_wconf 90' lang='lat' dir='ltr'>erat</span> <span class='ocrx_word' id='word_1_62' title='bbox 870 1231 1003 1296; x_wconf 90' lang='lat' dir='ltr'>modico</span> <span class='ocrx_word' id='word_1_63' title='bbox 1029 1231 1064 1295; x_wconf 92' lang='lat' dir='ltr'>iu</span> <span class='ocrx_word' id='word_1_64' title='bbox 1088 1249 1163 1294; x_wconf 87' lang='lat' dir='ltr'>arce</span> <span class='ocrx_word' id='word_1_65' title='bbox 1193 1229 1372 1302; x_wconf 46' lang='lat' dir='ltr'>custodiri*</span> 
     </span>
     <span class='ocr_line' id='line_1_10' title="bbox 253 1331 1359 1416; baseline -0.001 -20"><span class='ocrx_word' id='word_1_66' title='bbox 253 1332 422 1414; x_wconf 78' lang='lat' dir='ltr'>praesidio.</span> <span class='ocrx_word' id='word_1_67' title='bbox 467 1332 509 1396; x_wconf 93' lang='lat' dir='ltr'>Id</span> <span class='ocrx_word' id='word_1_68' title='bbox 525 1351 625 1396; x_wconf 89' lang='lat' dir='ltr'>unum</span> <span class='ocrx_word' id='word_1_69' title='bbox 641 1334 761 1416; x_wconf 79' lang='lat' dir='ltr'>pignus</span> <span class='ocrx_word' id='word_1_70' title='bbox 784 1331 961 1396; x_wconf 89' lang='lat' dir='ltr'>inclinatus</span> <span class='ocrx_word' id='word_1_71' title='bbox 977 1331 1021 1397; x_wconf 91' lang='lat' dir='ltr'>ad</span> <span class='ocrx_word' id='word_1_72' title='bbox 1036 1331 1229 1396; x_wconf 76' lang='lat' dir='ltr'>Romanam</span> <span class='ocrx_word' id='word_1_73' title='bbox 1245 1333 1359 1396; x_wconf 84' lang='lat' dir='ltr'>socie·</span> 
     </span>
     <span class='ocr_line' id='line_1_11' title="bbox 247 1433 1360 1518; baseline -0.001 -21"><span class='ocrx_word' id='word_1_74' title='bbox 247 1442 357 1498; x_wconf 83' lang='lat' dir='ltr'>tatem</span> <span class='ocrx_word' id='word_1_75' title='bbox 381 1433 528 1497; x_wconf 89' lang='lat' dir='ltr'>omnium</span> <span class='ocrx_word' id='word_1_76' title='bbox 555 1433 736 1516; x_wconf 82' lang='lat' dir='ltr'>Hispaniae</span> <span class='ocrx_word' id='word_1_77' title='bbox 761 1435 962 1518; x_wconf 91' lang='lat' dir='ltr'>populorum</span> <span class='ocrx_word' id='word_1_78' title='bbox 989 1435 1118 1499; x_wconf 88' lang='lat' dir='ltr'>animos</span> <span class='ocrx_word' id='word_1_79' title='bbox 1143 1433 1360 1512; x_wconf 79' lang='lat' dir='ltr'>morabatur,</span> 
     </span>
    </p>
   </div>
   <div class='ocr_carea' id='block_1_5' title="bbox 252 1535 1449 1620">
    <p class='ocr_par' dir='ltr' id='par_1_5' title="bbox 252 1535 1449 1620">
     <span class='ocr_line' id='line_1_12' title="bbox 252 1535 1449 1620; baseline -0.003 -22"><span class='ocrx_word' id='word_1_80' title='bbox 252 1555 295 1598; x_wconf 88' lang='lat' dir='ltr'>ne</span> <span class='ocrx_word' id='word_1_81' title='bbox 315 1536 477 1617; x_wconf 81' lang='lat' dir='ltr'>sangnine</span> <span class='ocrx_word' id='word_1_82' title='bbox 492 1536 629 1600; x_wconf 87' lang='lat' dir='ltr'>liberam</span> <span class='ocrx_word' id='word_1_83' title='bbox 643 1539 669 1572; x_wconf 83' lang='lat'>¹⁰</span> <span class='ocrx_word' id='word_1_84' title='bbox 695 1555 830 1602; x_wconf 87' lang='lat' dir='ltr'>suorum</span> <span class='ocrx_word' id='word_1_85' title='bbox 851 1537 956 1620; x_wconf 92' lang='lat' dir='ltr'>culpa</span> <span class='ocrx_word' id='word_1_86' title='bbox 978 1535 1180 1601; x_wconf 81' lang='lat' dir='ltr'>delectionis</span> <span class='ocrx_word' id='word_1_87' title='bbox 1194 1537 1361 1600; x_wconf 88' lang='lat' dir='ltr'>lueretur.</span> <span class='ocrx_word' id='word_1_88' title='bbox 1448 1565 1449 1594; x_wconf 59' lang='lat' dir='ltr'>r</span> 
     </span>
    </p>
   </div>
   <div class='ocr_carea' id='block_1_6' title="bbox 255 1634 1361 1720">
    <p class='ocr_par' dir='ltr' id='par_1_6' title="bbox 255 1634 1361 1720">
     <span class='ocr_line' id='line_1_13' title="bbox 255 1634 1361 1720; baseline 0.001 -21"><span class='ocrx_word' id='word_1_89' title='bbox 255 1634 308 1700; x_wconf 88' lang='lat' dir='ltr'>Eu</span> <span class='ocrx_word' id='word_1_90' title='bbox 322 1636 458 1700; x_wconf 86' lang='lat' dir='ltr'>vinculo</span> <span class='ocrx_word' id='word_1_91' title='bbox 474 1636 677 1720; x_wconf 79' lang='lat' dir='ltr'>Hispaniam</span> <span class='ocrx_word' id='word_1_92' title='bbox 693 1637 744 1701; x_wconf 86' lang='lat' dir='ltr'>vir</span> <span class='ocrx_word' id='word_1_93' title='bbox 765 1657 863 1715; x_wconf 89' lang='lat' dir='ltr'>nnus,</span> <span class='ocrx_word' id='word_1_94' title='bbox 884 1638 998 1702; x_wconf 85' lang='lat' dir='ltr'>solerti</span> <span class='ocrx_word' id='word_1_95' title='bbox 1017 1637 1124 1720; x_wconf 80' lang='lat' dir='ltr'>magis</span> <span class='ocrx_word' id='word_1_96' title='bbox 1139 1655 1247 1720; x_wconf 85' lang='lat' dir='ltr'>quam</span> <span class='ocrx_word' id='word_1_97' title='bbox 1262 1636 1361 1702; x_wconf 85' lang='lat' dir='ltr'>fideli</span> 
     </span>
    </p>
   </div>
   <div class='ocr_carea' id='block_1_7' title="bbox 242 1736 1449 1821">
    <p class='ocr_par' dir='ltr' id='par_1_7' title="bbox 242 1736 1449 1821">
     <span class='ocr_line' id='line_1_14' title="bbox 242 1736 1449 1821; baseline 0 -20"><span class='ocrx_word' id='word_1_98' title='bbox 242 1738 436 1814; x_wconf 80' lang='lat' dir='ltr'>-consilio,¹¹</span> <span class='ocrx_word' id='word_1_99' title='bbox 462 1738 618 1802; x_wconf 79' lang='lat' dir='ltr'>exsolvit</span> <span class='ocrx_word' id='word_1_100' title='bbox 662 1736 801 1804; x_wconf 81' lang='lat' dir='ltr'>Abelux</span> <span class='ocrx_word' id='word_1_101' title='bbox 819 1747 890 1803; x_wconf 88' lang='lat' dir='ltr'>erat</span> <span class='ocrx_word' id='word_1_102' title='bbox 910 1739 1050 1821; x_wconf 79' lang='lat' dir='ltr'>Sagunti</span> <span class='ocrx_word' id='word_1_103' title='bbox 1071 1739 1198 1803; x_wconf 92' lang='lat' dir='ltr'>nobilis</span> <span class='ocrx_word' id='word_1_104' title='bbox 1224 1738 1360 1821; x_wconf 87' lang='lat' dir='ltr'>Hispa·</span> <span class='ocrx_word' id='word_1_105' title='bbox 1448 1747 1449 1788; x_wconf 59' lang='lat' dir='ltr'>i</span> 
     </span>
    </p>
   </div>
   <div class='ocr_carea' id='block_1_8' title="bbox 254 1838 1360 1926">
    <p class='ocr_par' dir='ltr' id='par_1_8' title="bbox 254 1838 1360 1926">
     <span class='ocr_line' id='line_1_15' title="bbox 254 1838 1360 1926; baseline 0.004 -25"><span class='ocrx_word' id='word_1_106' title='bbox 254 1846 355 1916; x_wconf 85' lang='lat' dir='ltr'>nas,¹²</span> <span class='ocrx_word' id='word_1_107' title='bbox 371 1838 458 1903; x_wconf 87' lang='lat' dir='ltr'>lidus</span> <span class='ocrx_word' id='word_1_108' title='bbox 472 1846 548 1904; x_wconf 89' lang='lat' dir='ltr'>ante</span> <span class='ocrx_word' id='word_1_109' title='bbox 560 1839 697 1904; x_wconf 84' lang='lat' dir='ltr'>Poenis:</span> <span class='ocrx_word' id='word_1_110' title='bbox 714 1848 781 1904; x_wconf 85' lang='lat' dir='ltr'>tum</span> <span class='ocrx_word' id='word_1_111' title='bbox 796 1840 928 1924; x_wconf 86' lang='lat' dir='ltr'>(qualia</span> <span class='ocrx_word' id='word_1_112' title='bbox 938 1841 1136 1926; x_wconf 88' lang='lat' dir='ltr'>plerumque</span> <span class='ocrx_word' id='word_1_113' title='bbox 1148 1849 1171 1889; x_wconf 77' lang='lat'>¹³</span> <span class='ocrx_word' id='word_1_114' title='bbox 1187 1848 1271 1905; x_wconf 88' lang='lat' dir='ltr'>sunt</span> <span class='ocrx_word' id='word_1_115' title='bbox 1281 1842 1360 1905; x_wconf 90' lang='lat' dir='ltr'>bar-</span> 
     </span>
    </p>
   </div>
   <div class='ocr_carea' id='block_1_9' title="bbox 254 1937 1449 2024">
    <p class='ocr_par' dir='ltr' id='par_1_9' title="bbox 254 1937 1449 2024">
     <span class='ocr_line' id='line_1_16' title="bbox 254 1937 1449 2024; baseline 0.003 -20"><span class='ocrx_word' id='word_1_116' title='bbox 254 1941 410 2006; x_wconf 85' lang='lat' dir='ltr'>barorum</span> <span class='ocrx_word' id='word_1_117' title='bbox 424 1939 665 2024; x_wconf 84' lang='lat' dir='ltr'>ingenia)cum</span> <span class='ocrx_word' id='word_1_118' title='bbox 679 1941 810 2006; x_wconf 71' lang='lat' dir='ltr'>senuna</span> <span class='ocrx_word' id='word_1_119' title='bbox 831 1951 1017 2007; x_wconf 86' lang='lat' dir='ltr'>mutaverat</span> <span class='ocrx_word' id='word_1_120' title='bbox 1039 1941 1151 2008; x_wconf 85' lang='lat' dir='ltr'>fidem.</span> <span class='ocrx_word' id='word_1_121' title='bbox 1185 1941 1362 2008; x_wconf 66' lang='lat' dir='ltr'>Ceterum,</span> <span class='ocrx_word' id='word_1_122' title='bbox 1448 1937 1449 1998; x_wconf 79' lang='lat' dir='ltr'>l</span> 
     </span>
    </p>
   </div>
   <div class='ocr_carea' id='block_1_10' title="bbox 250 2042 1364 2640">
    <p class='ocr_par' dir='ltr' id='par_1_10' title="bbox 250 2042 1364 2640">
     <span class='ocr_line' id='line_1_17' title="bbox 256 2042 1361 2128; baseline 0.004 -23"><span class='ocrx_word' id='word_1_123' title='bbox 256 2042 473 2122; x_wconf 79' lang='lat' dir='ltr'>transfugam,</span> <span class='ocrx_word' id='word_1_124' title='bbox 490 2043 562 2106; x_wconf 87' lang='lat' dir='ltr'>sine</span> <span class='ocrx_word' id='word_1_125' title='bbox 572 2063 701 2127; x_wconf 79' lang='lat' dir='ltr'>magnae</span> <span class='ocrx_word' id='word_1_126' title='bbox 713 2044 761 2106; x_wconf 90' lang='lat' dir='ltr'>rei</span> <span class='ocrx_word' id='word_1_127' title='bbox 777 2043 964 2128; x_wconf 87' lang='lat' dir='ltr'>proditione</span> <span class='ocrx_word' id='word_1_128' title='bbox 973 2045 1156 2108; x_wconf 85' lang='lat' dir='ltr'>venientem</span> <span class='ocrx_word' id='word_1_129' title='bbox 1169 2044 1214 2108; x_wconf 91' lang='lat' dir='ltr'>ad</span> <span class='ocrx_word' id='word_1_130' title='bbox 1227 2044 1361 2120; x_wconf 73' lang='lat' dir='ltr'>bosus,</span> 
     </span>
     <span class='ocr_line' id='line_1_18' title="bbox 255 2143 1361 2228; baseline 0.004 -22"><span class='ocrx_word' id='word_1_131' title='bbox 255 2143 339 2207; x_wconf 88' lang='lat' dir='ltr'>nibil</span> <span class='ocrx_word' id='word_1_132' title='bbox 353 2143 445 2207; x_wconf 92' lang='lat' dir='ltr'>aliud</span> <span class='ocrx_word' id='word_1_133' title='bbox 462 2161 563 2227; x_wconf 90' lang='lat' dir='ltr'>qnam</span> <span class='ocrx_word' id='word_1_134' title='bbox 574 2164 677 2208; x_wconf 91' lang='lat' dir='ltr'>unum</span> <span class='ocrx_word' id='word_1_135' title='bbox 691 2145 758 2209; x_wconf 80' lang='lat' dir='ltr'>vile</span> <span class='ocrx_word' id='word_1_136' title='bbox 770 2152 873 2228; x_wconf 88' lang='lat' dir='ltr'>atque</span> <span class='ocrx_word' id='word_1_137' title='bbox 885 2145 1006 2210; x_wconf 78' lang='lat' dir='ltr'>infame</span> <span class='ocrx_word' id='word_1_138' title='bbox 1018 2163 1143 2228; x_wconf 86' lang='lat' dir='ltr'>corpus</span> <span class='ocrx_word' id='word_1_139' title='bbox 1155 2164 1236 2210; x_wconf 89' lang='lat' dir='ltr'>esse</span> <span class='ocrx_word' id='word_1_140' title='bbox 1251 2151 1361 2222; x_wconf 88' lang='lat' dir='ltr'>ratus,</span> 
     </span>
     <span class='ocr_line' id='line_1_19' title="bbox 250 2243 1362 2328; baseline 0.004 -21"><span class='ocrx_word' id='word_1_141' title='bbox 250 2243 294 2307; x_wconf 88' lang='lat' dir='ltr'>id</span> <span class='ocrx_word' id='word_1_142' title='bbox 317 2246 450 2326; x_wconf 76' lang='lat' dir='ltr'>agebat,</span> <span class='ocrx_word' id='word_1_143' title='bbox 474 2251 509 2308; x_wconf 90' lang='lat' dir='ltr'>nt</span> <span class='ocrx_word' id='word_1_144' title='bbox 533 2265 636 2328; x_wconf 91' lang='lat' dir='ltr'>qnam</span> <span class='ocrx_word' id='word_1_145' title='bbox 656 2247 839 2311; x_wconf 81' lang='lat' dir='ltr'>maximum</span> <span class='ocrx_word' id='word_1_146' title='bbox 861 2247 1119 2312; x_wconf 88' lang='lat' dir='ltr'>emolumentum</span> <span class='ocrx_word' id='word_1_147' title='bbox 1134 2249 1235 2312; x_wconf 83' lang='lat' dir='ltr'>novis</span> <span class='ocrx_word' id='word_1_148' title='bbox 1252 2249 1362 2314; x_wconf 89' lang='lat' dir='ltr'>sociis</span> 
     </span>
     <span class='ocr_line' id='line_1_20' title="bbox 257 2346 1363 2434; baseline 0.008 -27"><span class='ocrx_word' id='word_1_149' title='bbox 257 2353 361 2409; x_wconf 88' lang='lat' dir='ltr'>esset.</span> <span class='ocrx_word' id='word_1_150' title='bbox 405 2346 670 2429; x_wconf 82' lang='lat' dir='ltr'>Circumspectis</span> <span class='ocrx_word' id='word_1_151' title='bbox 685 2348 788 2428; x_wconf 85' lang='lat' dir='ltr'>igitur</span> <span class='ocrx_word' id='word_1_152' title='bbox 809 2349 977 2427; x_wconf 85' lang='lat' dir='ltr'>omnibus,</span> <span class='ocrx_word' id='word_1_153' title='bbox 997 2369 1074 2432; x_wconf 84' lang='lat' dir='ltr'>quae</span> <span class='ocrx_word' id='word_1_154' title='bbox 1097 2349 1229 2414; x_wconf 75' lang='lat' dir='ltr'>lurtum</span> <span class='ocrx_word' id='word_1_155' title='bbox 1244 2361 1363 2434; x_wconf 84' lang='lat' dir='ltr'>potes·</span> 
     </span>
     <span class='ocr_line' id='line_1_21' title="bbox 258 2445 1363 2534; baseline 0.009 -26"><span class='ocrx_word' id='word_1_156' title='bbox 258 2445 340 2509; x_wconf 86' lang='lat' dir='ltr'>tatis</span> <span class='ocrx_word' id='word_1_157' title='bbox 362 2447 437 2529; x_wconf 88' lang='lat' dir='ltr'>ejus</span> <span class='ocrx_word' id='word_1_158' title='bbox 460 2455 592 2529; x_wconf 86' lang='lat' dir='ltr'>poterat</span> <span class='ocrx_word' id='word_1_159' title='bbox 610 2446 734 2528; x_wconf 86' lang='lat' dir='ltr'>facere,</span> <span class='ocrx_word' id='word_1_160' title='bbox 755 2451 930 2517; x_wconf 88' lang='lat' dir='ltr'>obsidibus</span> <span class='ocrx_word' id='word_1_161' title='bbox 953 2452 1163 2534; x_wconf 86' lang='lat' dir='ltr'>potissimum</span> <span class='ocrx_word' id='word_1_162' title='bbox 1187 2452 1363 2518; x_wconf 84' lang='lat' dir='ltr'>tradendis</span> 
     </span>
     <span class='ocr_line' id='line_1_22' title="bbox 258 2547 1364 2640; baseline 0.007 -30"><span class='ocrx_word' id='word_1_163' title='bbox 258 2547 404 2611; x_wconf 87' lang='lat' dir='ltr'>animum</span> <span class='ocrx_word' id='word_1_164' title='bbox 427 2549 594 2633; x_wconf 67' lang='lat' dir='ltr'>adjecitzr</span> <span class='ocrx_word' id='word_1_165' title='bbox 623 2569 696 2614; x_wconf 89' lang='lat' dir='ltr'>cam</span> <span class='ocrx_word' id='word_1_166' title='bbox 719 2569 820 2615; x_wconf 88' lang='lat' dir='ltr'>unam</span> <span class='ocrx_word' id='word_1_167' title='bbox 841 2571 912 2616; x_wconf 88' lang='lat' dir='ltr'>rem</span> <span class='ocrx_word' id='word_1_168' title='bbox 934 2553 1082 2640; x_wconf 84' lang='lat' dir='ltr'>maxime</span> <span class='ocrx_word' id='word_1_169' title='bbox 1105 2560 1196 2617; x_wconf 87' lang='lat' dir='ltr'>ratus</span> <span class='ocrx_word' id='word_1_170' title='bbox 1216 2555 1364 2619; x_wconf 86' lang='lat' dir='ltr'>coneili-</span> 
     </span>
    </p>
   </div>
   <div class='ocr_carea' id='block_1_11' title="bbox 259 2649 1449 2738">
    <p class='ocr_par' dir='ltr' id='par_1_11' title="bbox 259 2649 1449 2738">
     <span class='ocr_line' id='line_1_23' title="bbox 259 2649 1449 2738; baseline 0.009 -28"><span class='ocrx_word' id='word_1_171' title='bbox 259 2657 388 2712; x_wconf 88' lang='lat' dir='ltr'>aturam</span> <span class='ocrx_word' id='word_1_172' title='bbox 423 2649 587 2715; x_wconf 89' lang='lat' dir='ltr'>Romanis</span> <span class='ocrx_word' id='word_1_173' title='bbox 609 2652 800 2735; x_wconf 82' lang='lat' dir='ltr'>principum</span> <span class='ocrx_word' id='word_1_174' title='bbox 828 2653 1008 2737; x_wconf 83' lang='lat' dir='ltr'>Hispaniae</span> <span class='ocrx_word' id='word_1_175' title='bbox 1035 2655 1256 2720; x_wconf 70' lang='lat' dir='ltr'>amicitiam..</span> <span class='ocrx_word' id='word_1_176' title='bbox 1291 2655 1365 2720; x_wconf 90' lang='lat' dir='ltr'>Sed</span> <span class='ocrx_word' id='word_1_177' title='bbox 1448 2733 1449 2738; x_wconf 5' lang='grc' dir='ltr'>ἵ</span> 
     </span>
    </p>
   </div>
   <div class='ocr_carea' id='block_1_12' title="bbox 259 2750 1363 2837">
    <p class='ocr_par' dir='ltr' id='par_1_12' title="bbox 259 2750 1363 2837">
     <span class='ocr_line' id='line_1_24' title="bbox 259 2750 1363 2837; baseline 0.007 -23"><span class='ocrx_word' id='word_1_178' title='bbox 259 2769 347 2827; x_wconf 86' lang='lat' dir='ltr'>cum,</span> <span class='ocrx_word' id='word_1_179' title='bbox 361 2750 491 2834; x_wconf 88' lang='lat' dir='ltr'>injussu</span> <span class='ocrx_word' id='word_1_180' title='bbox 512 2752 662 2818; x_wconf 85' lang='lat' dir='ltr'>Bostaris</span> <span class='ocrx_word' id='word_1_181' title='bbox 678 2757 842 2837; x_wconf 68' lang='lat' dir='ltr'>praelecti,</span> <span class='ocrx_word' id='word_1_182' title='bbox 865 2757 952 2820; x_wconf 87' lang='lat' dir='ltr'>satis</span> <span class='ocrx_word' id='word_1_183' title='bbox 976 2757 1086 2833; x_wconf 86' lang='lat' dir='ltr'>sciret,</span> <span class='ocrx_word' id='word_1_184' title='bbox 1105 2757 1187 2820; x_wconf 90' lang='lat' dir='ltr'>nibil</span> <span class='ocrx_word' id='word_1_185' title='bbox 1201 2756 1363 2822; x_wconf 87' lang='lat' dir='ltr'>obsidum</span> 
     </span>
    </p>
   </div>
   <div class='ocr_carea' id='block_1_13' title="bbox 249 2853 1449 3246">
    <p class='ocr_par' dir='ltr' id='par_1_13' title="bbox 249 2853 1449 3246">
     <span class='ocr_line' id='line_1_25' title="bbox 260 2853 1449 2942; baseline 0.007 -27"><span class='ocrx_word' id='word_1_186' title='bbox 260 2853 417 2918; x_wconf 81' lang='lat' dir='ltr'>custodes</span> <span class='ocrx_word' id='word_1_187' title='bbox 437 2854 587 2920; x_wconf 84' lang='lat' dir='ltr'>facturos</span> <span class='ocrx_word' id='word_1_188' title='bbox 609 2877 698 2933; x_wconf 87' lang='lat' dir='ltr'>esse,</span> <span class='ocrx_word' id='word_1_189' title='bbox 725 2859 905 2922; x_wconf 86' lang='lat' dir='ltr'>Bostarem</span> <span class='ocrx_word' id='word_1_190' title='bbox 928 2858 1042 2942; x_wconf 89' lang='lat' dir='ltr'>ipsum</span> <span class='ocrx_word' id='word_1_191' title='bbox 1063 2863 1132 2922; x_wconf 87' lang='lat' dir='ltr'>arte</span> <span class='ocrx_word' id='word_1_192' title='bbox 1157 2858 1362 2941; x_wconf 75' lang='lat' dir='ltr'>aggreditur.</span> <span class='ocrx_word' id='word_1_193' title='bbox 1448 2853 1449 2856; x_wconf 51' lang='lat'>&#39;</span> 
     </span>
     <span class='ocr_line' id='line_1_26' title="bbox 259 2951 1449 3040; baseline 0.007 -24"><span class='ocrx_word' id='word_1_194' title='bbox 259 2951 380 3018; x_wconf 84' lang='lat' dir='ltr'>Castra</span> <span class='ocrx_word' id='word_1_195' title='bbox 394 2962 493 3020; x_wconf 83' lang='lat' dir='ltr'>extra</span> <span class='ocrx_word' id='word_1_196' title='bbox 508 2958 623 3020; x_wconf 87' lang='lat' dir='ltr'>urbem</span> <span class='ocrx_word' id='word_1_197' title='bbox 638 2958 764 3040; x_wconf 89' lang='lat' dir='ltr'>inipso</span> <span class='ocrx_word' id='word_1_198' title='bbox 779 2959 891 3024; x_wconf 88' lang='lat' dir='ltr'>littore</span> <span class='ocrx_word' id='word_1_199' title='bbox 906 2960 1051 3023; x_wconf 89' lang='lat' dir='ltr'>babebat</span> <span class='ocrx_word' id='word_1_200' title='bbox 1071 2960 1209 3037; x_wconf 84' lang='lat' dir='ltr'>Bostar,</span> <span class='ocrx_word' id='word_1_201' title='bbox 1234 2969 1272 3024; x_wconf 91' lang='lat' dir='ltr'>nt</span> <span class='ocrx_word' id='word_1_202' title='bbox 1287 2961 1364 3025; x_wconf 91' lang='lat' dir='ltr'>adi·</span> <span class='ocrx_word' id='word_1_203' title='bbox 1448 3015 1449 3024; x_wconf 30' lang='lat' dir='ltr'>r</span> 
     </span>
     <span class='ocr_line' id='line_1_27' title="bbox 260 3057 1449 3138; baseline 0.005 -18"><span class='ocrx_word' id='word_1_204' title='bbox 260 3061 331 3120; x_wconf 90' lang='lat' dir='ltr'>tum</span> <span class='ocrx_word' id='word_1_205' title='bbox 344 3073 386 3120; x_wconf 88' lang='lat' dir='ltr'>ea</span> <span class='ocrx_word' id='word_1_206' title='bbox 396 3063 524 3138; x_wconf 81' lang='lat' dir='ltr'>purte¹⁴</span> <span class='ocrx_word' id='word_1_207' title='bbox 537 3057 769 3123; x_wconf 86' lang='lat' dir='ltr'>intercluderet</span> <span class='ocrx_word' id='word_1_208' title='bbox 781 3060 955 3125; x_wconf 85' lang='lat' dir='ltr'>Romanis.</span> <span class='ocrx_word' id='word_1_209' title='bbox 985 3060 1039 3125; x_wconf 91' lang='lat' dir='ltr'>Ibi</span> <span class='ocrx_word' id='word_1_210' title='bbox 1052 3081 1128 3126; x_wconf 91' lang='lat' dir='ltr'>enm</span> <span class='ocrx_word' id='word_1_211' title='bbox 1140 3061 1174 3124; x_wconf 90' lang='lat' dir='ltr'>lu</span> <span class='ocrx_word' id='word_1_212' title='bbox 1187 3071 1362 3128; x_wconf 85' lang='lat' dir='ltr'>secretum</span> <span class='ocrx_word' id='word_1_213' title='bbox 1448 3061 1449 3126; x_wconf 61' lang='grc' dir='ltr'>ἶ</span> 
     </span>
     <span class='ocr_line' id='line_1_28' title="bbox 249 3156 1449 3246; baseline 0.006 -26"><span class='ocrx_word' id='word_1_214' title='bbox 249 3156 456 3236; x_wconf 81' lang='lat' dir='ltr'>abductum,</span> <span class='ocrx_word' id='word_1_215' title='bbox 478 3159 570 3223; x_wconf 82' lang='lat' dir='ltr'>velut</span> <span class='ocrx_word' id='word_1_216' title='bbox 589 3159 802 3242; x_wconf 82' lang='lat' dir='ltr'>ignorantem,</span> <span class='ocrx_word' id='word_1_217' title='bbox 828 3169 947 3240; x_wconf 89' lang='lat' dir='ltr'>monet,</span> <span class='ocrx_word' id='word_1_218' title='bbox 973 3182 1041 3246; x_wconf 89' lang='lat' dir='ltr'>quo</span> <span class='ocrx_word' id='word_1_219' title='bbox 1066 3167 1192 3228; x_wconf 57' lang='lat' dir='ltr'>statue</span> <span class='ocrx_word' id='word_1_220' title='bbox 1216 3165 1264 3228; x_wconf 86' lang='lat' dir='ltr'>sit</span> <span class='ocrx_word' id='word_1_221' title='bbox 1286 3185 1363 3230; x_wconf 75' lang='lat' dir='ltr'>rese</span> <span class='ocrx_word' id='word_1_222' title='bbox 1448 3191 1449 3198; x_wconf 20' lang='grc' dir='ltr'>ι</span> 
     </span>
    </p>
   </div>
   <div class='ocr_carea' id='block_1_14' title="bbox 295 3340 1365 3410">
    <p class='ocr_par' dir='ltr' id='par_1_14' title="bbox 295 3340 1365 3410">
     <span class='ocr_line' id='line_1_29' title="bbox 295 3340 1365 3410; baseline 0.011 -23"><span class='ocrx_word' id='word_1_223' title='bbox 295 3348 310 3381; x_wconf 72' lang='lat' dir='ltr'><em>v</em></span> <span class='ocrx_word' id='word_1_224' title='bbox 327 3340 388 3389; x_wconf 76' lang='lat' dir='ltr'>Cane</span> <span class='ocrx_word' id='word_1_225' title='bbox 400 3341 477 3391; x_wconf 73' lang='lat' dir='ltr'>mnu</span> <span class='ocrx_word' id='word_1_226' title='bbox 486 3340 657 3393; x_wconf 70' lang='lat' dir='ltr'>emeidereem</span> <span class='ocrx_word' id='word_1_227' title='bbox 668 3358 720 3406; x_wconf 73' lang='lat' dir='ltr'>pse</span> <span class='ocrx_word' id='word_1_228' title='bbox 730 3343 832 3405; x_wconf 74' lang='lat' dir='ltr'>sarium</span> <span class='ocrx_word' id='word_1_229' title='bbox 842 3346 868 3394; x_wconf 77' lang='lat' dir='ltr'>ir</span> <span class='ocrx_word' id='word_1_230' title='bbox 882 3359 953 3396; x_wconf 71' lang='lat' dir='ltr'>mma</span> <span class='ocrx_word' id='word_1_231' title='bbox 966 3362 994 3396; x_wconf 80' lang='lat' dir='ltr'>ae</span> <span class='ocrx_word' id='word_1_232' title='bbox 1009 3351 1127 3410; x_wconf 77' lang='lat' dir='ltr'>potestate</span> <span class='ocrx_word' id='word_1_233' title='bbox 1137 3347 1212 3408; x_wconf 73' lang='lat' dir='ltr'>ipsine</span> <span class='ocrx_word' id='word_1_234' title='bbox 1220 3347 1365 3398; x_wconf 73' lang='lat' dir='ltr'>usuum</span> 
     </span>
    </p>
   </div>
   <div class='ocr_carea' id='block_1_15' title="bbox 262 3405 1449 3477">
    <p class='ocr_par' dir='ltr' id='par_1_15' title="bbox 262 3405 1449 3477">
     <span class='ocr_line' id='line_1_30' title="bbox 262 3405 1449 3477; baseline 0.009 -24"><span class='ocrx_word' id='word_1_235' title='bbox 262 3407 373 3468; x_wconf 82' lang='lat' dir='ltr'>peteret,-</span> <span class='ocrx_word' id='word_1_236' title='bbox 387 3405 493 3455; x_wconf 79' lang='lat' dir='ltr'>eeieeere</span> <span class='ocrx_word' id='word_1_237' title='bbox 507 3407 610 3456; x_wconf 76' lang='lat' dir='ltr'>mirre</span> <span class='ocrx_word' id='word_1_238' title='bbox 629 3408 743 3472; x_wconf 67' lang='lat' dir='ltr'>applicui</span> <span class='ocrx_word' id='word_1_239' title='bbox 758 3411 790 3459; x_wconf 85' lang='lat' dir='ltr'>ud</span> <span class='ocrx_word' id='word_1_240' title='bbox 808 3411 936 3460; x_wconf 76' lang='lat' dir='ltr'>tradendae</span> <span class='ocrx_word' id='word_1_241' title='bbox 953 3409 1060 3475; x_wconf 72' lang='lat' dir='ltr'>Scipioni</span> <span class='ocrx_word' id='word_1_242' title='bbox 1077 3410 1169 3461; x_wconf 77' lang='lat' dir='ltr'>edeider</span> <span class='ocrx_word' id='word_1_243' title='bbox 1185 3426 1243 3475; x_wconf 74' lang='lat' dir='ltr'>pene</span> <span class='ocrx_word' id='word_1_244' title='bbox 1257 3413 1366 3477; x_wconf 74' lang='lat' dir='ltr'>Hispani</span> <span class='ocrx_word' id='word_1_245' title='bbox 1448 3463 1449 3466; x_wconf 75' lang='grc'>,</span> 
     </span>
    </p>
   </div>
   <div class='ocr_carea' id='block_1_16' title="bbox 267 3468 640 3529">
    <p class='ocr_par' dir='ltr' id='par_1_16' title="bbox 267 3468 640 3529">
     <span class='ocr_line' id='line_1_31' title="bbox 267 3468 640 3529; baseline 0.016 -13"><span class='ocrx_word' id='word_1_246' title='bbox 267 3468 507 3529; x_wconf 52' lang='lat' dir='ltr'>carthusiensibus</span> <span class='ocrx_word' id='word_1_247' title='bbox 516 3470 640 3522; x_wconf 73' lang='lat' dir='ltr'>dederent.</span> 
     </span>
    </p>
   </div>
   <div class='ocr_carea' id='block_1_17' title="bbox 174 3705 1364 3782">
    <p class='ocr_par' dir='ltr' id='par_1_17' title="bbox 174 3705 1364 3782">
     <span class='ocr_line' id='line_1_32' title="bbox 174 3705 1364 3782; baseline 0.013 -27"><span class='ocrx_word' id='word_1_248' title='bbox 174 3772 177 3778; x_wconf 21' lang='grc' dir='ltr'><em>ι</em></span> <span class='ocrx_word' id='word_1_249' title='bbox 261 3706 405 3772; x_wconf 67' lang='lat' dir='ltr'>pietate?</span> <span class='ocrx_word' id='word_1_250' title='bbox 422 3705 536 3772; x_wconf 80' lang='lat' dir='ltr'>Rupert.</span> <span class='ocrx_word' id='word_1_251' title='bbox 568 3711 1062 3782; x_wconf 53' lang='lat' dir='ltr'>Gmmfimietdatssreymigimed</span> <span class='ocrx_word' id='word_1_252' title='bbox 1077 3715 1284 3780; x_wconf 55' lang='lat' dir='ltr'>Aladieeta-tl</span> <span class='ocrx_word' id='word_1_253' title='bbox 1300 3719 1364 3770; x_wconf 78' lang='lat' dir='ltr'>Fre·</span> 
     </span>
    </p>
   </div>
   <div class='ocr_carea' id='block_1_18' title="bbox 260 3773 1362 3840">
    <p class='ocr_par' dir='ltr' id='par_1_18' title="bbox 260 3773 1362 3840">
     <span class='ocr_line' id='line_1_33' title="bbox 260 3773 1362 3840; baseline 0.01 -17"><span class='ocrx_word' id='word_1_254' title='bbox 260 3773 299 3823; x_wconf 81' lang='lat' dir='ltr'>tri</span> <span class='ocrx_word' id='word_1_255' title='bbox 308 3773 460 3835; x_wconf 58' lang='lat' dir='ltr'>mugitu</span> <span class='ocrx_word' id='word_1_256' title='bbox 470 3773 537 3824; x_wconf 82' lang='lat' dir='ltr'>Edd.</span> <span class='ocrx_word' id='word_1_257' title='bbox 549 3782 610 3826; x_wconf 84' lang='lat' dir='ltr'>ante</span> <span class='ocrx_word' id='word_1_258' title='bbox 621 3777 768 3830; x_wconf 55' lang='lat' dir='ltr'>nrm—lu</span> <span class='ocrx_word' id='word_1_259' title='bbox 786 3783 827 3832; x_wconf 83' lang='grc' dir='ltr'>ΑΙ.</span> <span class='ocrx_word' id='word_1_260' title='bbox 836 3784 1035 3834; x_wconf 71' lang='lat' dir='ltr'>liberarum-ll</span> <span class='ocrx_word' id='word_1_261' title='bbox 1053 3781 1115 3830; x_wconf 77' lang='lat' dir='ltr'>Pur.</span> <span class='ocrx_word' id='word_1_262' title='bbox 1127 3783 1185 3831; x_wconf 86' lang='lat' dir='ltr'>Pet.</span> <span class='ocrx_word' id='word_1_263' title='bbox 1198 3782 1362 3840; x_wconf 67' lang='lat' dir='ltr'>metiendae</span> 
     </span>
    </p>
   </div>
   <div class='ocr_carea' id='block_1_19' title="bbox 265 3838 1449 3908">
    <p class='ocr_par' dir='ltr' id='par_1_19' title="bbox 265 3838 1449 3908">
     <span class='ocr_line' id='line_1_34' title="bbox 265 3838 1449 3908; baseline 0.012 -20"><span class='ocrx_word' id='word_1_264' title='bbox 265 3838 333 3888; x_wconf 82' lang='lat' dir='ltr'>Pell.</span> <span class='ocrx_word' id='word_1_265' title='bbox 348 3838 423 3887; x_wconf 78' lang='lat' dir='ltr'>Voss.</span> <span class='ocrx_word' id='word_1_266' title='bbox 431 3838 535 3888; x_wconf 83' lang='lat' dir='ltr'>eotertiae</span> <span class='ocrx_word' id='word_1_267' title='bbox 543 3841 622 3903; x_wconf 66' lang='lat' dir='ltr'>mis</span> <span class='ocrx_word' id='word_1_268' title='bbox 632 3844 779 3908; x_wconf 71' lang='lat' dir='ltr'>qamfideli</span> <span class='ocrx_word' id='word_1_269' title='bbox 788 3847 960 3897; x_wconf 65' lang='lat' dir='ltr'>unsilia-lt</span> <span class='ocrx_word' id='word_1_270' title='bbox 978 3845 1088 3896; x_wconf 68' lang='lat' dir='ltr'>‘natu</span> <span class='ocrx_word' id='word_1_271' title='bbox 1097 3850 1151 3896; x_wconf 80' lang='lat' dir='ltr'>eret</span> <span class='ocrx_word' id='word_1_272' title='bbox 1161 3845 1267 3908; x_wconf 70' lang='lat' dir='ltr'>Sagunti</span> <span class='ocrx_word' id='word_1_273' title='bbox 1278 3849 1364 3898; x_wconf 72' lang='lat' dir='ltr'>noenu</span> <span class='ocrx_word' id='word_1_274' title='bbox 1448 3895 1449 3902; x_wconf 73' lang='grc'>,</span> 
     </span>
    </p>
   </div>
   <div class='ocr_carea' id='block_1_20' title="bbox 265 3903 1364 4232">
    <p class='ocr_par' dir='ltr' id='par_1_20' title="bbox 265 3903 1364 4232">
     <span class='ocr_line' id='line_1_35' title="bbox 265 3903 1363 3994; baseline 0.007 -42"><span class='ocrx_word' id='word_1_275' title='bbox 265 3903 408 3966; x_wconf 76' lang='lat' dir='ltr'>Himuwr</span> <span class='ocrx_word' id='word_1_276' title='bbox 424 3918 485 3967; x_wconf 88' lang='lat' dir='ltr'>noa,</span> <span class='ocrx_word' id='word_1_277' title='bbox 496 3911 525 3954; x_wconf 83' lang='lat' dir='ltr'>ut</span> <span class='ocrx_word' id='word_1_278' title='bbox 541 3906 567 3954; x_wconf 87' lang='lat' dir='ltr'>iu</span> <span class='ocrx_word' id='word_1_279' title='bbox 585 3914 651 3957; x_wconf 85' lang='lat' dir='ltr'>antt.</span> <span class='ocrx_word' id='word_1_280' title='bbox 664 3909 730 3958; x_wconf 78' lang='lat' dir='ltr'>lidd.</span> <span class='ocrx_word' id='word_1_281' title='bbox 742 3910 843 3974; x_wconf 75' lang='lat' dir='ltr'>Abelux,</span> <span class='ocrx_word' id='word_1_282' title='bbox 855 3911 901 3961; x_wconf 82' lang='lat' dir='ltr'>sed</span> <span class='ocrx_word' id='word_1_283' title='bbox 913 3913 1010 3961; x_wconf 82' lang='lat' dir='ltr'>rectius</span> <span class='ocrx_word' id='word_1_284' title='bbox 1022 3908 1091 3959; x_wconf 83' lang='lat' dir='ltr'>forte</span> <span class='ocrx_word' id='word_1_285' title='bbox 1102 3910 1196 3994; x_wconf 64' lang='lat' dir='ltr'>Atelpx</span> <span class='ocrx_word' id='word_1_286' title='bbox 1207 3917 1251 3959; x_wconf 71' lang='lat' dir='ltr'>anit</span> <span class='ocrx_word' id='word_1_287' title='bbox 1264 3911 1363 3976; x_wconf 75' lang='lat' dir='ltr'>Abilpe.</span> 
     </span>
     <span class='ocr_line' id='line_1_36' title="bbox 266 3967 1362 4039; baseline 0.01 -22"><span class='ocrx_word' id='word_1_288' title='bbox 266 3967 362 4030; x_wconf 66' lang='grc' dir='ltr'>Ἀβίλυξ</span> <span class='ocrx_word' id='word_1_289' title='bbox 373 3982 414 4030; x_wconf 85' lang='lat' dir='ltr'>ep.</span> <span class='ocrx_word' id='word_1_290' title='bbox 426 3968 519 4031; x_wconf 77' lang='lat' dir='ltr'>Polyb.</span> <span class='ocrx_word' id='word_1_291' title='bbox 531 3983 575 4019; x_wconf 93' lang='grc' dir='ltr'>ιιι.</span> <span class='ocrx_word' id='word_1_292' title='bbox 586 3973 628 4020; x_wconf 78' lang='grc'>98.</span> <span class='ocrx_word' id='word_1_293' title='bbox 639 3975 681 4021; x_wconf 74' lang='grc'>99.</span> <span class='ocrx_word' id='word_1_294' title='bbox 713 3973 837 4035; x_wconf 79' lang='lat' dir='ltr'>Moxjum</span> <span class='ocrx_word' id='word_1_295' title='bbox 846 3990 893 4038; x_wconf 89' lang='lat' dir='ltr'>pro</span> <span class='ocrx_word' id='word_1_296' title='bbox 901 3975 1028 4039; x_wconf 80' lang='lat' dir='ltr'>tumcouj.</span> <span class='ocrx_word' id='word_1_297' title='bbox 1040 3973 1166 4036; x_wconf 66' lang='lat' dir='ltr'>Decrius.</span> <span class='ocrx_word' id='word_1_298' title='bbox 1192 3975 1362 4038; x_wconf 69' lang='lat' dir='ltr'>Rupere-rt</span> 
     </span>
     <span class='ocr_line' id='line_1_37' title="bbox 269 4031 1363 4103; baseline 0.008 -24"><span class='ocrx_word' id='word_1_299' title='bbox 269 4031 385 4094; x_wconf 75' lang='lat' dir='ltr'>Pleraque</span> <span class='ocrx_word' id='word_1_300' title='bbox 400 4032 467 4082; x_wconf 82' lang='lat' dir='ltr'>Fdd.</span> <span class='ocrx_word' id='word_1_301' title='bbox 482 4041 542 4083; x_wconf 85' lang='lat' dir='ltr'>enta</span> <span class='ocrx_word' id='word_1_302' title='bbox 560 4035 706 4086; x_wconf 66' lang='lat' dir='ltr'>brak-14</span> <span class='ocrx_word' id='word_1_303' title='bbox 722 4037 785 4087; x_wconf 81' lang='lat' dir='ltr'>‘Ita</span> <span class='ocrx_word' id='word_1_304' title='bbox 795 4055 841 4102; x_wconf 88' lang='lat' dir='ltr'>pro</span> <span class='ocrx_word' id='word_1_305' title='bbox 851 4040 920 4102; x_wconf 76' lang='lat' dir='ltr'>vulg.</span> <span class='ocrx_word' id='word_1_306' title='bbox 931 4055 963 4089; x_wconf 74' lang='lat' dir='ltr'>ea</span> <span class='ocrx_word' id='word_1_307' title='bbox 969 4042 1041 4103; x_wconf 77' lang='lat' dir='ltr'>portui</span> <span class='ocrx_word' id='word_1_308' title='bbox 1051 4039 1116 4088; x_wconf 85' lang='lat' dir='ltr'>Mes.</span> <span class='ocrx_word' id='word_1_309' title='bbox 1129 4037 1190 4088; x_wconf 85' lang='lat' dir='ltr'>Pet.</span> <span class='ocrx_word' id='word_1_310' title='bbox 1199 4047 1228 4088; x_wconf 87' lang='lat' dir='ltr'>et</span> <span class='ocrx_word' id='word_1_311' title='bbox 1237 4041 1363 4090; x_wconf 81' lang='lat' dir='ltr'>Cautcbr.</span> 
     </span>
     <span class='ocr_line' id='line_1_38' title="bbox 267 4093 1364 4169; baseline 0.012 -27"><span class='ocrx_word' id='word_1_312' title='bbox 267 4093 311 4156; x_wconf 76' lang='lat' dir='ltr'>(ee</span> <span class='ocrx_word' id='word_1_313' title='bbox 327 4100 395 4156; x_wconf 78' lang='lat' dir='ltr'>perte</span> <span class='ocrx_word' id='word_1_314' title='bbox 411 4097 480 4146; x_wconf 71' lang='lat' dir='ltr'>uror.</span> <span class='ocrx_word' id='word_1_315' title='bbox 496 4107 523 4147; x_wconf 87' lang='lat' dir='ltr'>et</span> <span class='ocrx_word' id='word_1_316' title='bbox 539 4097 590 4149; x_wconf 87' lang='lat' dir='ltr'>duo</span> <span class='ocrx_word' id='word_1_317' title='bbox 601 4099 731 4163; x_wconf 69' lang='lat' dir='ltr'>liminii)</span> <span class='ocrx_word' id='word_1_318' title='bbox 742 4118 806 4168; x_wconf 86' lang='lat' dir='ltr'>quoe</span> <span class='ocrx_word' id='word_1_319' title='bbox 817 4114 923 4154; x_wconf 76' lang='lat' dir='ltr'>secutus</span> <span class='ocrx_word' id='word_1_320' title='bbox 935 4119 1001 4167; x_wconf 84' lang='lat' dir='ltr'>enm,</span> <span class='ocrx_word' id='word_1_321' title='bbox 1012 4105 1137 4152; x_wconf 79' lang='lat' dir='ltr'>euadente</span> <span class='ocrx_word' id='word_1_322' title='bbox 1150 4102 1209 4154; x_wconf 84' lang='lat' dir='ltr'>Jec.</span> <span class='ocrx_word' id='word_1_323' title='bbox 1223 4103 1307 4154; x_wconf 80' lang='lat' dir='ltr'>Gran.</span> <span class='ocrx_word' id='word_1_324' title='bbox 1319 4106 1364 4169; x_wconf 83' lang='lat' dir='ltr'>qul</span> 
     </span>
     <span class='ocr_line' id='line_1_39' title="bbox 267 4156 1361 4232; baseline 0.013 -28"><span class='ocrx_word' id='word_1_325' title='bbox 267 4156 333 4207; x_wconf 87' lang='lat' dir='ltr'>bene</span> <span class='ocrx_word' id='word_1_326' title='bbox 345 4167 440 4216; x_wconf 84' lang='lat' dir='ltr'>monet,</span> <span class='ocrx_word' id='word_1_327' title='bbox 450 4161 576 4224; x_wconf 72' lang='lat' dir='ltr'>Sagunto,</span> <span class='ocrx_word' id='word_1_328' title='bbox 588 4179 677 4225; x_wconf 81' lang='lat' dir='ltr'>passus</span> <span class='ocrx_word' id='word_1_329' title='bbox 687 4169 757 4216; x_wconf 90' lang='lat' dir='ltr'>mille</span> <span class='ocrx_word' id='word_1_330' title='bbox 768 4183 784 4217; x_wconf 83' lang='lat' dir='ltr'>e</span> <span class='ocrx_word' id='word_1_331' title='bbox 795 4169 858 4218; x_wconf 82' lang='lat' dir='ltr'>mari</span> <span class='ocrx_word' id='word_1_332' title='bbox 869 4170 935 4229; x_wconf 74' lang='lat' dir='ltr'>sitm,</span> <span class='ocrx_word' id='word_1_333' title='bbox 943 4183 994 4218; x_wconf 87' lang='lat' dir='ltr'>non</span> <span class='ocrx_word' id='word_1_334' title='bbox 1004 4167 1084 4217; x_wconf 79' lang='lat' dir='ltr'>fuisse</span> <span class='ocrx_word' id='word_1_335' title='bbox 1095 4175 1208 4232; x_wconf 86' lang='lat' dir='ltr'>partum,</span> <span class='ocrx_word' id='word_1_336' title='bbox 1218 4177 1292 4218; x_wconf 86' lang='lat' dir='ltr'>certe</span> <span class='ocrx_word' id='word_1_337' title='bbox 1303 4182 1361 4218; x_wconf 85' lang='lat' dir='ltr'>eura</span> 
     </span>
    </p>
   </div>
   <div class='ocr_carea' id='block_1_21' title="bbox 268 4227 1365 4299">
    <p class='ocr_par' dir='ltr' id='par_1_21' title="bbox 268 4227 1365 4299">
     <span class='ocr_line' id='line_1_40' title="bbox 268 4227 1365 4299; baseline 0.01 -26"><span class='ocrx_word' id='word_1_338' title='bbox 268 4235 394 4290; x_wconf 70' lang='lat' dir='ltr'>nusquam</span> <span class='ocrx_word' id='word_1_339' title='bbox 401 4227 554 4279; x_wconf 83' lang='lat' dir='ltr'>memorari.&#39;</span> <span class='ocrx_word' id='word_1_340' title='bbox 564 4228 667 4294; x_wconf 70' lang='lat' dir='ltr'>Rupere</span> <span class='ocrx_word' id='word_1_341' title='bbox 683 4232 725 4281; x_wconf 78' lang='lat' dir='ltr'>Ex</span> <span class='ocrx_word' id='word_1_342' title='bbox 728 4238 798 4298; x_wconf 78' lang='lat' dir='ltr'>purte</span> <span class='ocrx_word' id='word_1_343' title='bbox 806 4232 854 4286; x_wconf 81' lang='lat' dir='ltr'>det</span> <span class='ocrx_word' id='word_1_344' title='bbox 862 4241 890 4285; x_wconf 89' lang='lat' dir='ltr'>et</span> <span class='ocrx_word' id='word_1_345' title='bbox 900 4233 1139 4299; x_wconf 73' lang='lat' dir='ltr'>Kreyssigius-tt</span> <span class='ocrx_word' id='word_1_346' title='bbox 1153 4229 1365 4298; x_wconf 63' lang='lat' dir='ltr'>timentisque</span> 
     </span>
    </p>
   </div>
   <div class='ocr_carea' id='block_1_22' title="bbox 0 0 1482 4767">
    <p class='ocr_par' dir='ltr' id='par_1_22' title="bbox 0 0 1482 4767">
     <span class='ocr_line' id='line_1_41' title="bbox 0 0 1482 4767; baseline 0 0"><span class='ocrx_word' id='word_1_347' title='bbox 0 0 1482 4767; x_wconf 95' lang='lat' dir='ltr'> </span> 
     </span>
    </p>
   </div>
  </div>
 </body>
</html>
