2917 4767
228 241 315 308 lttt
702 255 737 304 r.
761 253 856 304 nrvrr
936 189 937 192 Ἴ

229 399 389 476 tionibus,
412 415 492 482 pars
507 397 699 461 lunaribus
713 403 817 462 erent.
863 397 906 462 Et
926 397 1262 480 Carthaginienses,
1279 397 1353 479 quia
1430 477 1431 486 ἵ

229 519 299 564 rem
314 499 386 564 iore
400 499 490 563 hand
514 518 591 563 enm
614 499 789 581 imparatis
815 498 1006 576 cernebant,
1026 517 1153 581 usque
1177 496 1227 560 ad
1249 495 1353 561 lucem
1430 495 1431 498 ’

230 607 332 685 portu
349 619 387 664 sc
416 601 664 677 abstinuerunt,
689 599 858 664 demendis
879 601 1100 665 armamentis
1128 617 1178 662 eo
1204 603 1355 680 tempore

230 701 443 785 aptandaque
458 699 502 766 ad
517 699 958 785 pugnamclasseabeumto.
1003 699 1073 765 Ubi
1096 699 1247 774 illuxit,
1269 716 1356 762 rece·

231 821 312 887 pere
334 803 479 867 classem
503 803 536 866 in
559 804 677 881 altum,
693 811 733 867 ut
747 803 895 886 spatium
918 821 1041 886 pugnes
1061 807 1183 878 esset,
1211 801 1356 863 exitum·

233 922 300 987 qne
310 903 447 967 liberum
463 912 590 988 eportu
606 925 709 969 naves
724 903 869 969 bostium
882 904 1051 968 heberent.
1102 901 1141 966 N
1145 921 1193 965 ec
1210 897 1356 965 Romani

233 1005 464 1069 detrectavere
479 1026 635 1089 pugnam,
650 1014 684 1072 et
697 1006 858 1070 memoria
879 1005 969 1068 circa
988 1023 1032 1068 ca
1044 1007 1130 1090 ipsa
1148 1001 1239 1068 loca
1254 1007 1357 1084 geste·

233 1123 305 1172 rom
320 1123 426 1168 rerum
435 1105 522 1181 freti,
538 1114 573 1169 et
587 1105 730 1172 militnm
745 1105 956 1170 multitudine
970 1125 1011 1170 ac
1028 1107 1177 1170 virtute.

278 1207 333 1270 50.
346 1205 415 1270 Ubi
424 1207 458 1270 in
467 1207 572 1271 altum
581 1208 690 1272 evecti
699 1213 789 1284 sunt,
802 1205 978 1270 Romanus
988 1223 1180 1270 conserere
1196 1222 1355 1287 pugnem,

236 1317 271 1372 et
286 1328 328 1372 ex
343 1309 533 1392 propinquo
544 1311 632 1373 vires
643 1309 790 1374 conferre
802 1309 886 1374 velle
897 1330 905 1374 ι
918 1313 1037 1373 contra
1051 1309 1205 1374 cludere
1218 1308 1354 1383 Poenus,

236 1417 270 1473 et
281 1415 362 1486 arte,
372 1428 441 1472 non
451 1411 497 1485 vi,
509 1428 579 1473 rem
590 1429 715 1492 gerere,
724 1412 938 1494 naviumque,
948 1429 1050 1495 quam
1059 1411 1226 1474 virorum
1238 1415 1298 1473 aut
1308 1427 1355 1470 ar-

235 1529 381 1586 morum,
394 1509 496 1574 malle
511 1516 679 1575 certamen
689 1511 825 1576 facere.5
885 1509 976 1576 Nam
989 1520 1027 1575 ut
1039 1511 1153 1576 sociis
1169 1509 1353 1575 navalibus

238 1610 364 1675 affatim
378 1612 575 1675 instructam
582 1611 735 1691 classem,
747 1612 796 1676 ita
809 1613 944 1696 inopem
953 1613 1060 1678 milite
1068 1613 1257 1678 hebebant
1265 1608 1298 1674 :⁶
1311 1614 1354 1684 et,

239 1712 350 1776 sicubi
365 1722 517 1778 conserta
530 1716 652 1779 navis⁷
673 1721 796 1795 esset,m
816 1715 1080 1800 haudquaquam
1105 1735 1177 1798 par
1192 1727 1350 1777 numerus

239 1819 440 1877 armatorum
454 1833 556 1895 exea
571 1817 756 1899 pugnabat.
799 1815 902 1894 Quod
917 1817 976 1880 ubi
990 1817 1280 1882 animadversum
1290 1817 1351 1886 est,

239 1923 275 1982 et
288 1913 451 1980 Romanis
463 1916 640 1982 multitudo
655 1935 719 1982 sua
734 1919 830 1982 anxit
853 1919 1013 1996 animum,
1037 1923 1071 1982 et
1092 1917 1262 2002 paucitas
1284 1911 1349 1976 illis

240 2016 385 2080 minuit*
412 2017 595 2102 Extemplo
623 2025 754 2103 septem
788 2035 892 2085 naves
914 2017 1053 2084 Pnuicae
1086 2019 1350 2090 circumveutae3

240 2119 354 2200 fugam
377 2126 497 2184 ceterae
513 2121 696 2203 οιιριιιιιιιι.8
741 2121 838 2186 Mille
858 2128 892 2184 et
913 2119 1113 2204 septingenti
1128 2119 1230 2182 suere
1245 2117 1279 2180 in
1294 2131 1347 2177 na·

242 2220 343 2283 vibus
359 2221 463 2303 capti,
483 2221 609 2284 milites
623 2230 824 2305 nautaeque3
845 2222 881 2286 in
901 2221 954 2284 his
971 2225 1039 2285 tres
1052 2221 1188 2286 nobiles
1214 2215 1348 2282 Cartba-

244 2319 450 2400 giniensium.
495 2321 627 2386 Classis
643 2321 797 2386 Romana
811 2322 1001 2401 incolumis,
1014 2339 1080 2385 una
1094 2327 1227 2386 tantum
1245 2315 1346 2401 perso·

244 2426 321 2485 rata
346 2423 436 2498 navi,
461 2422 522 2486 sed
545 2442 586 2488 ea
610 2443 747 2507 quoqne
770 2421 850 2507 ipsa
869 2423 1004 2502 reduce,
1029 2423 1062 2486 in
1088 2429 1226 2507 portum
1243 2417 1345 2484 rediit.

246 2520 438 2586 Secundum
448 2521 537 2588 banc
550 2543 711 2607 pugnam,
726 2523 874 2590 nondum
885 2523 999 2606 gnaris
1014 2523 1113 2609 ejus,⁹
1134 2523 1198 2608 qui
1218 2521 1344 2586 Messa·

246 2641 299 2686 nm
313 2629 415 2700 erant,
428 2623 484 2688 Ti.
507 2624 726 2710 Sempronius
741 2624 859 2691 consul
871 2625 1065 2690 Messanam
1079 2625 1184 2690 venit.
1232 2621 1275 2686 Ei
1287 2617 1345 2684 tre·

248 2729 318 2787 tum
332 2731 359 2761 ¹⁰
379 2724 513 2790 intranti
533 2745 591 2795 rex
607 2723 714 2791 Hiero
728 2725 873 2792 classem
899 2735 1053 2791 ornatam
1067 2728 1205 2792 obviam
1232 2721 1341 2786 duxit:

249 2831 541 2910 transgressusque
567 2845 610 2901 ex
626 2827 718 2908 regie
739 2827 773 2892 in
792 2829 984 2912 praetoriam
1009 2846 1137 2904 navem,
1162 2821 1343 2910 gratulatus

249 2926 412 3008 sospitem
428 2945 504 2990 cum
519 2931 669 2992 exercitu
692 2936 726 2991 et
747 2931 891 2992 navibus
912 2927 1104 3006 advenisse,
1125 2933 1341 3012 precatusque

249 3045 449 3111 prosperum
465 3047 504 3092 ac
515 3029 646 3094 felicem
657 3027 691 3092 in
706 3028 855 3096 Siciliam
871 3031 1064 3111 transitum
1088 3035 1214 3096 statum
1228 3021 1341 3092 deinde

250 3129 371 3193 insulae
386 3134 421 3192 et
432 3127 757 3213 Carthaginiensium
773 3135 895 3194 consta
911 3132 1090 3212 exposuit:
1112 3130 1340 3214 pollicitusque

253 3235 318 3308 est,
334 3250 402 3313 qno
427 3231 541 3295 animo
554 3233 665 3315 priore
688 3231 782 3298 bello
807 3231 971 3315 populum
998 3231 1193 3298 Muranum
1211 3224 1339 3316 juvenis

178 3382 182 3392 .
252 3331 449 3414 adjuvisset,
463 3350 505 3394 eo
521 3349 633 3395 senem
648 3333 852 3417 adjuturum.
900 3331 1117 3398 Frumentum
1136 3334 1337 3400 vestimenta·

254 3449 320 3514 que
349 3449 425 3494 sese
454 3431 646 3513 legionibus
676 3434 828 3498 consulis
849 3433 1020 3519 sociisque
1050 3437 1227 3500 navalibus
1249 3427 1337 3514 glutit

286 3635 305 3662 ¹¹
323 3629 424 3686 Quaado
435 3627 533 3691 misia
542 3630 662 3682 mutae
669 3633 779 3696 prrxbso
790 3631 1110 3687 transmittebantur.

289 3943 305 3987 t
322 3937 330 3965 ‘
341 3936 560 3996 Grutcrnrsscere
569 3945 728 4001 expunctum
737 3939 830 4002 vellem
840 3953 889 4004 ego
898 3942 976 4004 rantte,
987 3939 1008 3988 si
1018 3953 1081 4005 opus
1092 3943 1162 3990 esset
1173 3953 1179 3988 ι
1197 3937 1240 3989 red
1251 3931 1336 3986 mrnrrt
1430 3947 1431 3984 l

257 4005 415 4066 utrumque.¹
427 4001 456 4049 J.
469 3999 498 4049 F.
512 4003 669 4053 Cnoson-ti
685 4003 796 4054 Habebat
807 4005 873 4054 Edu.
886 4019 974 4055 omnen
983 4012 1042 4054 unte
1055 4005 1187 4056 Dalm—'l
1205 4003 1268 4056 Olim
1278 3999 1335 4075 ¹53²·

257 4067 334 4117 batur
343 4071 452 4116 ruarmo
460 4071 601 4116 mauu-8
618 4069 681 4120 Vct.
691 4069 737 4121 lib.
750 4068 819 4134 apud
830 4069 917 4135 Sigon.
925 4070 1103 4132 cetrroesugnrr
1110 4066 1263 4136 erpetui.
1271 4077 1332 4114 em-
