2917 4767
525 420 601 468 urs.
624 418 736 467 xxiv.
760 420 841 469 cur.
863 407 918 471 45.
1177 408 1263 473 2067

159 563 240 646 quis
253 561 443 645 resipiscat,
457 568 494 626 et
507 563 681 646 antiquum
696 562 893 629 societatem
907 563 1079 647 respiciat.
1112 562 1215 643 Quod
1230 569 1261 632 si

159 663 256 727 ubire
272 663 315 726 ub
329 660 497 727 Romanis
517 664 631 740 dcent,
650 663 758 727 redire
772 664 816 728 sd
831 684 890 729 eos
903 684 971 729 nou
986 666 1109 745 liceut3
1131 670 1186 731 cni
1200 670 1262 733 du·

160 766 256 827 bium
272 783 362 840 esse,
378 763 459 845 quiu
477 763 569 828 brevi
587 763 721 827 deserto
736 764 780 827 ab
795 764 899 829 sociis
915 764 1073 831 Romanu
1088 786 1142 831 res
1156 768 1261 833 loede·

161 866 256 929 ribus
273 863 414 928 Punicis
429 866 542 928 omniu
557 865 594 928 iu
608 864 712 927 ltalia
721 864 842 947 junctu
855 866 970 931 visura
984 867 1055 930 siti
1096 868 1140 932 Se
1156 878 1262 933 tumen

161 986 229 1030 nou
251 986 327 1029 euru
350 986 436 1044 esse,
459 967 520 1050 qui
544 965 672 1031 Altinio
695 966 773 1031 fidei
789 968 966 1051 quicquum
988 976 1123 1034 censent
1137 970 1263 1035 habeu-

161 1068 257 1145 dum,
283 1066 342 1130 sed
368 1066 514 1131 mediam
539 1074 820 1133 cousecuturuuu‘
840 1070 971 1133 consilii
993 1070 1095 1135 dum.
1140 1071 1262 1155 Neque

160 1189 237 1233 enm
263 1188 325 1251 pro
353 1169 463 1245 hoste,
490 1188 599 1253 neque
624 1188 686 1253 pro
710 1171 807 1234 socio
833 1172 867 1235 iu
896 1174 1078 1253 proesentis
1100 1173 1262 1252 hobitum,

159 1271 270 1335 libera
283 1272 440 1336 custodia
453 1272 543 1337 haud
559 1273 676 1355 procul
693 1292 715 1337 a
727 1276 850 1336 cestris
866 1274 998 1357 placere
1013 1276 1047 1337 iu
1066 1276 1176 1358 ulique
1194 1276 1263 1341 lida

37 1414 43 1419 -
159 1374 300 1437 ciuitate
313 1375 438 1438 servari
454 1394 514 1458 per
528 1376 608 1439 belli
622 1383 772 1457 tempus:
789 1383 979 1459 perpetrato
991 1378 1089 1454 bello,
1101 1386 1168 1441 tum
1186 1396 1263 1442 cou-

160 1476 369 1553 sulcandum,
385 1484 492 1541 utrum
508 1478 654 1542 desectio
670 1478 758 1560 prior
783 1480 861 1560 plus
882 1480 1001 1543 rucrita
1017 1482 1063 1544 sit
1077 1500 1201 1563 poeuoe,
1219 1502 1262 1545 uu

160 1578 217 1642 hic
233 1580 360 1644 reditus
374 1578 506 1643 uenies)
550 1578 657 1643 Fabio
676 1598 852 1643 assensum
874 1588 945 1659 est;
968 1582 1164 1665 catenisque
1179 1582 1264 1663 liga-

160 1677 244 1754 tus,d
274 1681 416 1745 truditur
442 1690 479 1745 et
500 1682 575 1763 ipse
600 1688 636 1745 et
660 1682 820 1747 comites:
843 1692 879 1745 et
904 1684 976 1745 euri
1001 1684 1083 1747 setis
1108 1702 1263 1765 magnum

160 1781 308 1864 pondus,
337 1782 429 1866 quod
458 1800 576 1847 secum
607 1789 676 1846 turn
706 1784 871 1857 attulerat,
902 1786 934 1847 ei
964 1784 1090 1847 serrari
1118 1784 1263 1866 jussum.

159 1882 304 1948 Calibus
318 1904 395 1949 eum
411 1885 557 1949 interdiu
572 1885 720 1948 solutum
733 1884 889 1949 custodes
902 1886 1146 1968 sequebantur:
1163 1896 1263 1951 nocte

158 1986 313 2050 clausurn
328 1988 555 2051 asservabant.
588 1986 692 2069 Arpis
707 1986 798 2051 domi
816 1988 956 2069 priunum
973 1984 1157 2051 desiderari
1172 2006 1265 2070 quau·

159 2091 258 2173 rique
273 2098 327 2153 est
341 2097 495 2174 coeptust
510 2092 589 2155 deiu
604 2092 704 2168 turne,
720 2110 782 2173 per
796 2098 903 2155 totum
917 2091 1031 2154 urbem
1047 2090 1195 2173 vulgate,
1212 2099 1263 2154 tu·

157 2190 310 2268 multum,
325 2198 362 2254 nt
374 2193 524 2275 principe
539 2191 678 2268 amisso,
690 2192 792 2256 lecit:
809 2200 966 2274 metuque
979 2210 1087 2257 rerum
1103 2210 1264 2258 novarum

158 2290 333 2374 externplo
358 2292 467 2355 nuntii
493 2290 537 2355 nd
565 2291 815 2356 Hannibalem⁷
840 2294 944 2357 missi.
990 2292 1125 2371 Quibus
1141 2312 1265 2375 nequa-

158 2412 261 2477 quem
276 2392 599 2472 offensus·Poeuus,
623 2398 703 2476 quia
729 2404 766 2458 et
792 2396 915 2477 ipsum,
943 2404 982 2458 ut
1005 2396 1170 2477 ambiguae
1186 2395 1265 2459 lidei

158 2496 278 2567 viuum,
290 2501 483 2577 suspectum
485 2493 557 2576 jem
570 2494 699 2575 pridem
709 2493 907 2570 benennon
918 2514 1055 2558 censam
1065 2502 1181 2559 uectus
1195 2502 1267 2560 erat

159 2604 229 2659 turn
252 2593 332 2660 ditis
352 2597 495 2660 hominis
510 2598 599 2659 boun
622 2594 818 2676 possidendi
836 2594 1086 2677 vendendique:
1117 2603 1264 2659 cetorum

160 2704 200 2760 ut
224 2698 285 2761 irae
309 2698 430 2780 magis,
454 2716 554 2781 quuur
578 2698 746 2773 avaritiae,
768 2696 882 2759 dutum
911 2694 1084 2758 crederent
1098 2694 1265 2772 homiues,

160 2798 386 2863 crudelitatem
410 2816 545 2882 quoque
559 2797 711 2880 gravitati
728 2796 856 2862 eddidit
871 2794 903 2876 3⁸
923 2796 1169 2879 conjugemque
1191 2796 1265 2879 ejus

628 2960 813 2982 mm

162 3069 187 3110 et
198 3076 244 3109 nou
254 3061 383 3110 uoctticuuu
392 3062 613 3110 documentum-l
625 3062 708 3109 Voces
718 3062 751 3109 ud
763 3058 922 3109 Hauuidaleru
932 3057 1027 3106 ubuunt
1038 3056 1094 3105 lere
1106 3054 1139 3105 ub
1150 3055 1267 3105 omnibus

162 3128 278 3176 Mun-ti
294 3129 302 3153 ⁶
315 3126 488 3173 Crudelitatem
504 3140 592 3188 quoque
607 3124 728 3186 moueri
744 3118 901 3189 (seueritati)
916 3122 1010 3171 addidit
1021 3136 1035 3170 e
1047 3120 1099 3170 Mu.
1112 3120 1183 3171 Flor.
1195 3129 1221 3170 et
1233 3124 1266 3171 ut.

163 3206 212 3254 pro
224 3190 293 3251 vulg.
304 3189 440 3237 crudelitati
449 3205 472 3251 p.
482 3190 629 3249 matur
637 3205 662 3239 a.
679 3189 768 3251 recepi
785 3202 843 3238 eum
861 3188 915 3237 Str.
930 3187 975 3250 qui
995 3194 1080 3235 tumen
1102 3194 1174 3235 recte
1190 3186 1266 3234 riurul

164 3254 273 3307 uronuit,
286 3270 332 3316 pro
347 3252 475 3315 grauitati.
488 3268 545 3316 que
557 3256 590 3302 ub
601 3254 627 3302 lt.
636 3254 655 3304 l.
668 3255 753 3303 alienu
765 3253 807 3309 uit,
822 3250 894 3316 (cnm
907 3250 940 3299 de
951 3249 1052 3299 duobus
1068 3251 1154 3313 potius
1168 3248 1267 3298 lluuui·

163 3320 230 3369 botis
243 3319 309 3366 ritiiu
322 3318 355 3367 uit
368 3330 463 3378 renuo,
474 3318 507 3365 de
517 3318 632 3378 suaith,
643 3332 718 3383 quern
734 3318 817 3367 talita
827 3314 955 3379 φυκίον
964 3316 993 3363 du
1003 3328 1061 3363 auro
1070 3319 1214 3376 argentoque
1224 3316 1267 3361 du-

163 3386 199 3432 mi
209 3384 301 3441 relicto,
311 3392 339 3431 et
350 3382 382 3430 de
393 3382 432 3430 ira
442 3395 486 3429 ueu
495 3382 645 3444 muna,
653 3397 730 3447 quum
739 3382 893 3431 contuente
900 3382 966 3429 aiacu
975 3378 1069 3428 liberos
1077 3378 1265 3442 conjugemque

164 3448 258 3497 Attinii
270 3444 477 3509 significaverit)
488 3445 624 3509 legendum
636 3446 759 3507 auiditati,
768 3454 812 3496 unt
824 3460 882 3494 coru
890 3444 972 3494 Grau.
981 3442 1115 3506 rapacitati.
1133 3442 1266 3505 Strupicuri

163 3515 242 3560 etium
256 3512 335 3573 possis
345 3510 482 3572 cupiditati,
498 3521 526 3559 et
541 3512 692 3572 praecurret
702 3512 784 3571 surum
802 3510 841 3557 uel
859 3509 937 3559 diuam
946 3507 1067 3557 auiditati.
1101 3506 1188 3556 Minus
1204 3513 1265 3569 upte

163 3580 226 3627 Eun.
239 3576 304 3639 conj.
321 3575 457 3624 crudelitati
467 3590 491 3639 ς.
501 3577 652 3638 prueimeuu.
686 3575 809 3626 Ceterum
822 3574 929 3625 eundem
941 3572 1121 3623 crudelitatem
1132 3572 1265 3621 Hanniba·

162 3642 194 3689 iis
206 3648 332 3689 memorat
344 3639 459 3703 Appiae.
477 3640 503 3688 tr.
523 3638 611 3690 Hecu.
620 3652 703 3692 mr.
714 3648 741 3690 et
754 3640 823 3691 uliud
841 3639 898 3705 ejuu
916 3638 1064 3703 exemplum
1075 3650 1132 3701 cup.
1141 3641 1182 3689 ⁴4.
1192 3634 1267 3687 extr!

164 3708 269 3770 numu.

663 3800 772 3853 Noun:

164 3898 207 3948 An
221 3898 298 3947 ruodo
314 3898 369 3951 lior,
390 3894 466 3945 moda
482 3896 540 3945 illos
551 3910 604 3944 nou
615 3896 693 3945 uduo·
745 3904 750 3915 ·
766 3902 778 3931 ·
795 3896 951 3959 Nequaquam
967 3890 1084 3957 offeuuuu]
1105 3890 1168 3939 Vult
1195 3890 1264 3940 lrund

164 3982 236 4026 cent,
256 3981 284 4019 et
303 3977 391 4033 purten
411 3970 534 4019 mutent?
551 3984 585 4018 un
608 3972 694 4034 potius
735 3978 842 4037 gruuute
864 3969 890 4019 id
918 3968 1052 4031 accepisse
1081 3964 1266 4029 liaculorum,

164 4048 395 4109 scribendorum
404 4047 532 4096 uotum
735 4064 786 4099 non
798 4062 858 4098 uuus
871 4044 939 4112 quod
952 4058 1007 4093 uum
1020 4040 1195 4091 defectionem
1207 4055 1266 4105 pro·

196 4134 207 4160 t
225 4122 422 4185 consecuturum]
450 4124 627 4188 compositum
646 4140 694 4191 pro
734 4126 819 4181 buret,
841 4124 887 4174 ued
907 4120 977 4188 quod
995 4118 1123 4169 Attidium
1143 4126 1265 4173 unctum.

164 4202 274 4263 simplici
286 4204 426 4248 secuturum,
735 4202 843 4267 ejusque
860 4200 928 4250 bonu
950 4192 1087 4246 iurudaudi
1104 4195 1265 4246 occuuieuen

198 4276 210 4310 l
229 4275 371 4337 catenisque
382 4272 483 4337 ligatus]
499 4271 622 4325 Altinius.
737 4276 785 4327 ribi
796 4276 886 4327 duturu
897 4276 1038 4325 luctaretur.
