2917 4767
475 376 546 425 tre.
573 372 688 424 xxrv.
712 331 795 423 ute.
817 360 848 425 tl.
1123 358 1203 429 leet

90 522 175 587 Sed
192 541 254 587 arx
269 520 438 596 Crotonis,
458 541 525 585 una
548 528 643 605 parte
665 522 841 586 imminens
864 522 983 597 mari,¹⁷
999 520 1114 598 alteru,
1137 538 1210 586 ver-

93 632 205 707 gente
233 627 267 689 in
293 644 420 706 agrum,
444 625 509 687 situ
540 632 670 688 tanturn
702 622 849 687 naturali
877 622 1048 705 quondam
1073 624 1209 700 munita,

93 736 233 808 postea
246 722 390 791 et‘muro
406 726 520 791 cincta
533 735 599 802 est,
614 746 683 809 que
706 745 766 807 per
790 744 927 805 auersas
950 744 1052 807 rupes
1067 726 1111 788 ab
1127 726 1210 790 Dio·

89 829 248 910 'nysio,¹⁷
271 828 399 893 Siciliae
423 835 577 911 tyranno,
604 848 663 911 per
688 826 803 891 dolum
826 826 938 892 fuerat
964 834 1080 908 capta.
1125 825 1209 890 Eam

95 936 182 992 tum
196 949 316 1006 arcem,
331 931 428 1007 satis,
443 936 482 993 nt
496 930 681 1005 videbatur,
703 928 849 1005 tutam,¹⁸
876 928 1107 993 Crotoniatum
1125 928 1209 1011 opti·

95 1038 218 1093 matos
246 1034 412 1109 tenebant,
441 1032 708 1097 circumsedente
739 1052 814 1097 cum
844 1031 990 1096 Bruttiis
1019 1050 1077 1094 eos
1108 1030 1207 1093 etiam

97 1131 210 1213 plebe
225 1153 298 1198 sua.
343 1132 520 1197 Postremo
533 1134 667 1210 Bruttii,
678 1151 755 1196 cum
770 1134 840 1197 suis
857 1134 982 1197 viribus
999 1132 1209 1214 inexpugna-

97 1233 210 1297 bilem
238 1232 387 1298 viderent
410 1254 532 1309 arcem,
556 1238 670 1298 coacti
691 1236 900 1311 necessitate,
917 1235 1096 1299 Hannonis
1112 1235 1210 1297 auxi·

98 1332 190 1398 lium
204 1334 392 1416 implorent.
435 1334 486 1410 Is,
501 1334 751 1400 conditionibus
771 1336 813 1399 ad
836 1335 1041 1402 deditionem
1065 1336 1209 1419 compel-

98 1436 178 1499 lere
189 1433 400 1501 Grotoniatas
413 1443 567 1513 conatus,
577 1444 617 1500 ut
627 1436 792 1500 colonium
805 1437 1004 1502 Bruttiorum
1020 1456 1061 1500 eo
1076 1436 1209 1513 deduci,

101 1536 350 1620 antiquumque
369 1537 590 1621 frequentiam
601 1544 627 1589 ¹⁹
641 1534 812 1621 recipere*
828 1552 961 1603 vastam
984 1556 1025 1602 no
1042 1538 1207 1603 desertam

100 1638 209 1703 bellis
224 1640 336 1702 urbem
358 1646 561 1721 paterentur,
576 1640 720 1704 omnium
743 1641 917 1719 nominem,
933 1648 1057 1722 praeter
1075 1638 1207 1703 Aristo·

101 1741 274 1817 maehum,
296 1741 412 1805 movit
466 1740 646 1805 Morituros
670 1758 708 1804 se
729 1739 939 1807 affirmabant
960 1742 1072 1818 cuius,
1096 1760 1208 1824 quam,

101 1842 250 1906 immixti
267 1842 422 1917 Bruttiis,
437 1842 471 1905 in
488 1842 619 1906 elienor
633 1842 729 1920 ritus,
746 1862 869 1919 mores,
885 1844 1056 1927 legesque,
1073 1864 1112 1907 ac
1126 1862 1207 1907 mox

104 1943 253 2024 linguam
276 1945 375 2008 etiam
399 1951 616 2008 verterentur.
667 1942 926 2009 Aristomachus
950 1964 1048 2020 unus,
1074 1944 1209 2029 quando

104 2064 172 2109 nec
196 2045 371 2109 suadendo
391 2045 433 2111 ud
452 2044 658 2111 deditionem
682 2048 767 2111 satis
790 2048 934 2124 valebat,
949 2066 1023 2122 nec,
1044 2048 1134 2112 sicut
1155 2065 1207 2110 ur-

106 2148 183 2210 bem
206 2146 405 2229 prodiderat,
425 2147 535 2212 locum
560 2148 742 2230 prodendae
770 2150 856 2213 arcis
882 2150 1085 2224 inveniebat,
1101 2157 1206 2212 trans-

105 2246 191 2329 fugit
206 2248 248 2311 ad
263 2247 479 2311 Hannonem.
517 2247 704 2310 Locrenses
720 2252 811 2316 brevi
829 2258 906 2334 post
919 2251 1032 2333 iegati,
1044 2268 1121 2314 curn
1134 2270 1207 2332 pur-

106 2348 215 2413 missn
241 2347 420 2413 Hannonis
444 2366 555 2411 arcem
579 2349 771 2424 intrassent,
793 2351 1009 2429 persuadent,
1027 2360 1062 2412 ut
1079 2350 1207 2416 traduci

108 2470 148 2517 se
164 2452 198 2514 in
213 2450 322 2515 Leros
342 2454 546 2533 paterentur,
573 2469 637 2513 neo
656 2451 771 2514 ultime
789 2448 935 2530 experiri
950 2448 1084 2511 vellent.
1129 2446 1149 2511 J
1155 2467 1209 2513 am

108 2552 175 2617 boc
192 2560 231 2615 nt
245 2553 309 2616 eibi
324 2553 448 2628 liceret,
462 2553 725 2635 impetraverunt
751 2558 784 2615 et
809 2550 852 2613 ab
873 2548 1080 2624 Hannibale,
1097 2549 1209 2613 missis

108 2654 151 2719 ad
162 2655 453 2739 ipsumwtegutis.
486 2654 541 2719 lta
552 2653 919 2718 Crotonemexceasum
929 2657 991 2727 est,
1004 2650 1210 2734 deductique

109 2756 317 2822 Crotoniatas
343 2756 388 2821 ad
412 2776 503 2821 mare
524 2774 628 2821 nares
652 2754 893 2821 conscendunt.
946 2753 1073 2817 Locros
1100 2752 1209 2817 omnis

108 2859 287 2924 multitudo
313 2855 457 2924 abeunt-¹
503 2858 542 2922 ln
573 2856 703 2942 Apulia
725 2878 769 2921 ne
794 2856 910 2940 hyems
931 2854 1067 2941 quidem
1094 2854 1209 2937 quieta

108 3104 179 3151 aare
189 3102 335 3152 Gronovius
345 3116 418 3151 auum
430 3101 535 3153 effecit-⁹
555 3104 713 3155 Smotlt-lt
735 3103 789 3153 Ura
806 3110 875 3166 purte
885 3105 1009 3153 mutarn
1018 3103 1079 3152 murt
1092 3102 1210 3166 plerique

109 3168 174 3217 blau.
184 3175 212 3215 et
226 3169 292 3216 Edd.
302 3178 368 3217 autt.
387 3169 495 3218 intret
506 3169 540 3217 ul.
560 3168 698 3218 imminente
709 3170 822 3218 malebat
837 3168 1029 3224 Dominae-18
1047 3169 1111 3216 Mus.
1132 3168 1209 3231 pleri·

109 3245 169 3297 que,
186 3248 214 3281 ru
224 3238 275 3283 tara
284 3248 338 3281 urae
349 3263 372 3280 0.
382 3264 390 3280 .
401 3236 464 3282 tata·
488 3232 548 3281 Vld.
561 3233 625 3282 Not.
638 3234 767 3282 Van-1⁹
783 3234 791 3260 ⁸
805 3234 869 3281 Post
878 3232 1040 3295 frequentium
1061 3233 1124 3283 Mus.
1145 3234 1209 3279 ture·

110 3306 170 3346 runt
182 3312 217 3352 ee.
229 3307 254 3349 et
266 3297 334 3346 Edd.
344 3311 434 3346 omues
447 3307 544 3361 preter
555 3296 656 3347 Stroth.
668 3312 755 3346 aarum.
790 3296 858 3349 illud
872 3311 1007 3359 perperam
1021 3297 1161 3357 repetitum
1175 3296 1210 3343 rt·

110 3363 196 3415 detur,
213 3363 286 3409 traca
300 3361 443 3410 Latinitate
462 3362 594 3411 abhorret.
628 3363 756 3411 Neutrum
778 3376 838 3409 vero
853 3368 926 3411 extat
948 3362 974 3409 iu
993 3375 1044 3409 uno
1062 3360 1120 3409 eod.
1134 3374 1209 3419 quom

111 3440 169 3473 curu
180 3426 279 3476 Stroth.
290 3434 397 3476 secutur
408 3440 474 3474 auur.
485 3425 650 3490 frequentiora
659 3440 727 3476 raam
744 3426 813 3497 conj.
824 3426 906 3475 Gron.
918 3434 946 3475 et
957 3425 1085 3488 Dcrrtng.
1118 3425 1209 3473 Malim

113 3622 175 3671 tium
187 3620 382 3687 haudquaquam
394 3619 478 3670 rideo.
506 3619 570 3670 item
580 3539 866 3672 cdd-ovdfxsrirroraru
872 3620 1212 3685 ope‚ururpeltrntttorura;

110 3696 195 3747 fimat
215 3699 315 3748 Plinius
329 3697 373 3748 llb.
392 3712 423 3748 tr.
439 3712 498 3761 cap.
516 3699 572 3747 lut.
587 3698 596 3726 ‘
609 3693 641 3746 Iu
681 3696 750 3761 quod
769 3698 942 3760 nullunquam
961 3695 1030 3759 quod
1045 3696 1137 3759 scripti
1148 3709 1211 3743 non·

112 3775 225 3825 helnioe
236 3776 347 3826 lunonis
358 3792 404 3827 ara
420 3778 469 3827 sub
481 3776 535 3826 Dio
546 3777 595 3823 rite
604 3774 641 3821 cl·
681 3776 756 3830 ualli,
767 3790 793 3822 ro
802 3774 916 3836 recipere.

112 3864 197 3899 nerem
216 3852 373 3901 immobilem
392 3867 449 3902 erae
469 3848 641 3915 prodentibus
712 3847 719 3883 ¹
737 3849 908 3897 &murrata
917 3847 1044 3897 multitudo
1051 3844 1150 3905 amant]
1166 3844 1211 3893 In·

113 3925 226 3990 trudique
237 3924 376 3990 praesiliu'
681 3928 772 3990 telligo
783 3924 974 3975 multitudinem
987 3924 1153 3986 optirnarum,
1166 3923 1210 3985 qui

141 4000 155 4037 ὅ
170 4001 518 4068 unamquamquam
536 3998 641 4064 [mrum]
681 4017 740 4051 uum
752 4002 804 4051 auis
816 4002 842 4049 ln
854 4014 939 4049 arcem
951 3998 1134 4061 confugerant:
1152 4011 1210 4046 nam

112 4078 225 4143 talpae}
250 4079 335 4130 Recte
353 4089 428 4130 nutat
447 4080 561 4129 Gronov.
578 4077 640 4126 uilril
682 4078 766 4142 plebs,
787 4090 844 4139 quo¹
869 4089 959 4124 revera
980 4074 1121 4124 multitude
1144 4082 1212 4135 erat,

114 4154 311 4205 udremtucure
325 4156 452 4213 strum
469 4156 519 4205 nisi
537 4154 640 4205 scilieet
680 4152 800 4203 Bruttios
819 4158 969 4215 acceperat.
1011 4152 1063 4200 Cur
1085 4160 1210 4207 autema

114 4230 210 4297 aliquid
232 4230 363 4281 addaturr
389 4232 467 4296 ptura
484 4243 526 4280 reu
544 4232 640 4293 euitat
681 4228 855 4281 locrenslbar
867 4229 953 4279 toeatl
965 4226 1064 4279 tuertut
1080 4234 1107 4275 ut
1122 4225 1149 4275 in
1169 4238 1210 4275 ur-
