2917 4767
456 419 528 468 nro.
551 416 675 470 xxnr.
697 419 783 470 orn.
804 406 858 472 ⁴0.
1122 407 1208 475 tuat

79 569 257 644 augeret.
299 557 406 626 Filius
422 561 507 646 ejus,
519 565 652 629 nomine
669 563 829 641 Hiostus,
845 566 965 631 eastris
981 571 1142 649 praeerat:
1164 567 1208 648 is,

77 663 336 728 adolescentia
356 663 465 742 ferox,
487 673 608 731 temam
630 668 749 751 proeiio
764 668 849 733 initu
872 668 971 734 maus
994 668 1207 753 fugatusque.

81 766 165 830 Ad
183 767 249 830 tria
263 767 367 831 millia
383 767 565 832 Sardorum
581 789 623 834 eo
638 769 757 853 praeiio
772 789 876 848 corsa,
891 771 1093 854 octingenti³
1109 772 1210 838 ferme

82 869 180 934 vivi
207 869 309 952 capti.
364 867 464 934 Alius
487 873 656 938 exercitus
682 871 793 954 primo
819 892 880 955 per
901 891 1001 954 egros
1025 872 1211 956 sylvasque

86 972 188 1053 fuga
204 959 359 1053 politum
376 969 463 1049 dein,
478 991 547 1055 quo
561 971 675 1037 ducem
692 972 819 1054 fugisse
832 972 925 1038 fama
941 983 1024 1052 erat,
1035 975 1079 1038 ad
1094 975 1211 1040 urbem

85 1071 243 1134 nomine
258 1068 429 1147 Comama
444 1081 550 1156 caput
572 1072 645 1156 ejus
668 1073 825 1155 regionis,
850 1075 1009 1158 confugit.
1053 1075 1211 1141 Debella-

89 1181 251 1256 tmnque
265 1191 306 1236 eo
327 1172 445 1256 praeiio
461 1175 494 1238 in
510 1173 663 1238 Sardinia
678 1181 783 1251 esset,
799 1174 833 1238 ni
848 1175 969 1239 classis
984 1176 1119 1242 Punica
1133 1198 1211 1243 cum

92 1275 199 1340 duce
226 1273 454 1352 Hasdrubale,
479 1295 557 1359 quse
587 1282 791 1360 tempestate
815 1275 949 1360 dejecta
979 1276 1024 1342 ad
1058 1277 1212 1344 Baliares

101 1383 201 1452 erat,
217 1377 250 1440 in
267 1382 414 1461 tempore
431 1378 473 1442 ad
488 1398 584 1462 spem
601 1378 784 1443 rebellandi
799 1377 1006 1444 advenisset.
1050 1377 1215 1460 Manlius,

96 1485 195 1560 post
220 1476 345 1543 famam
368 1481 523 1563 appulsae
548 1479 687 1545 Punicas
714 1480 845 1555 classis,
871 1477 1012 1546 Carales
1027 1501 1065 1546 se
1081 1484 1214 1566 recepit.

98 1577 163 1643 Ea
184 1581 323 1644 occasio
343 1579 579 1664 Hampsicorae
601 1581 682 1646 datu
707 1579 818 1647 Poeno
840 1599 877 1647 se
899 1581 1075 1665 jungendi.
1120 1582 1213 1649 Has·

99 1682 245 1760 drubal,
261 1682 371 1765 copiis
398 1683 432 1746 in
455 1692 575 1748 terram
594 1684 772 1768 expositis,
786 1691 819 1748 et
839 1683 952 1750 classe
972 1685 1115 1750 remissa
1133 1682 1214 1749 Gar·

98 1784 291 1866 thaginem,
314 1783 399 1849 duee
416 1783 646 1870 Hampsicora
667 1784 710 1848 ad
736 1786 907 1850 sociorum
926 1785 1043 1869 populi
1065 1783 1213 1850 Romani

102 1905 229 1967 agrum
255 1884 487 1968 populandum
521 1885 701 1969 profectus,
722 1884 863 1950 Carales
887 1893 1107 1969 perventurus
1127 1897 1215 1965 erat,

102 1989 145 2050 ni
179 1985 331 2051 Manlius
364 1988 465 2052 obvio
494 1987 644 2052 exercitu
677 1987 721 2051 ab
755 1986 863 2052 effusa
892 2007 968 2052 eum
996 1989 1216 2072 populatione

104 2087 349 2154 continuisset.
394 2087 509 2153 Primo
523 2093 636 2153 castra
650 2089 769 2152 castris
789 2087 923 2153 modico
941 2088 1120 2154 intervallo
1138 2105 1218 2157 sunt

105 2189 259 2274 objecta,
283 2187 404 2254 deinde
433 2192 702 2273 procursationes
731 2189 888 2274 leviaque
910 2191 1095 2256 certatmna
1124 2194 1217 2260 vario

100 2299 232 2358 eventu
257 2289 357 2354 inita:
380 2298 548 2374 postremo
562 2289 759 2356 descensum
776 2292 810 2356 in
826 2293 945 2370 aciem,
960 2293 1129 2376 signisque
1145 2297 1218 2361 coi-

107 2395 207 2470 latis,
226 2391 320 2475 justu
334 2393 453 2474 praeiio
470 2409 529 2474 per
543 2401 687 2476 quatuor
701 2392 803 2456 horas
818 2401 1013 2476 pugnatum.
1049 2394 1119 2460 Diu
1135 2415 1217 2480 pug-

110 2513 193 2560 nam
219 2493 402 2575 ancipitem
426 2492 540 2570 Poeni,
561 2493 682 2560 Sardis
701 2493 805 2558 facile
831 2495 919 2571 riuui
944 2495 1102 2574 amastis,
1129 2495 1219 2563 fece·

112 2602 216 2660 runt:
239 2601 410 2678 postremo
436 2601 471 2657 et
495 2594 575 2676 ipsi,
600 2611 675 2657 cnm
700 2595 815 2658 omnia
835 2595 926 2660 circa
949 2605 1060 2678 strage
1079 2614 1120 2661 ac
1139 2597 1221 2681 fuga

114 2696 300 2765 Sardorum
322 2695 453 2780 replete
471 2701 597 2772 essent,
615 2694 692 2759 fusi.
736 2693 890 2760 Getarum
908 2704 1003 2778 terga
1017 2694 1221 2773 dantes,eir·

117 2957 172 3008 suit
188 2962 396 3021 papatuum.-
367 2957 475 3007 —.8Ai
495 2958 648 3008 Colores-d
668 2957 774 3008 Pallidus
787 2955 855 3007 Edd.
876 2963 938 3005 outa
958 2955 1089 3006 ursa-s
1107 2955 1223 3018 fligirtu

119 3020 352 3078 millib-..earn
372 3023 436 3072 atille
456 3023 557 3073 treomi
575 3023 641 3074 iidd.
653 3031 714 3074 aute
725 3023 834 3074 Gruter
851 3022 895 3086 qui
914 3034 963 3085 pre
981 3021 1086 3084 triginta
1105 3021 1222 3086 ιιμιιιιι

615 3170 723 3221 Nom

115 3265 214 3330 ‘quern
235 3280 351 3331 purpura
367 3267 462 3332 regalis
477 3280 651 3316 uonconrmo·
691 3264 816 3330 oppidum
842 3273 922 3329 capot
949 3263 1101 3315 Pellitoruur
1128 3262 1222 3314 Sardo·

118 3343 168 3404 rit,
182 3355 241 3391 sum
259 3341 398 3392 Sardomn
416 3352 548 3393 mastruca
568 3351 651 3392 mota·
691 3357 758 3401 rum,
776 3357 886 3407 quorum
903 3357 964 3408 para
984 3341 1122 3392 Cornenrii
1140 3340 1173 3390 ab
1190 3354 1223 3390 eo

119 3415 178 3466 rit!
211 3416 264 3466 Sed
282 3423 310 3467 et
321 3415 483 3467 Germanica
496 3423 588 3481 gentes
599 3431 651 3467 uun
691 3417 766 3482 dicti,
783 3418 827 3485 qui
844 3424 872 3469 et
889 3417 1038 3470 AEclriienaii
1050 3417 1120 3481 apud
1132 3417 1222 3467 Ptole·

120 3491 232 3542 absimili
243 3492 456 3544 aestimatorum
474 3506 569 3558 genem
581 3507 650 3544 ura:
691 3507 797 3556 meam,
807 3500 1043 3558 aquosuusrstor
1052 3493 1122 3544 luter
1132 3493 1223 3546 cirita·

118 3567 190 3617 unde
201 3568 270 3631 apnd
280 3568 369 3632 Sigon.
378 3571 428 3634 Ep.
438 3575 463 3620 i.
475 3569 521 3620 lib.
533 3583 553 3620 t.
568 3563 651 3620 tneo
691 3576 733 3619 trs
743 3569 949 3620 mediterraneus
959 3585 1011 3620 una
1019 3584 1077 3620 euru
1091 3571 1170 3630 Bora,
1184 3570 1224 3619 iu·

119 3643 203 3693 duriol
228 3643 375 3695 Gothorum
397 3647 465 3709 regis
489 3645 580 3697 reliam
600 3645 651 3696 cir·
691 3645 822 3708 terpooitlr
831 3644 1225 3708 lioenomeuir‚idertlnssuir‚

119 3719 251 3769 consistit
265 3719 438 3770 ‘Pellitorurn
457 3721 534 3770 turba
553 3721 649 3772 rateiii·
691 3719 832 3768 montibus.
865 3719 979 3768 Ponitur
993 3727 1022 3768 et
1040 3720 1074 3769 ab
1091 3718 1224 3769 Antonino

120 3794 196 3845 tum!
238 3796 370 3846 Videntur
395 3804 480 3847 autern
508 3797 652 3846 Pellitorara
692 3797 763 3846 iuter
780 3797 876 3846 Bosaur
892 3802 921 3844 et
940 3795 1062 3845 Tharros.
1087 3795 1161 3844 'flunt
1178 3796 1223 3857 qni

119 3871 302 3934 cognominati
315 3873 460 3936 prasertim
476 3872 544 3923 iuter
554 3872 651 3924 Sardos
692 3871 748 3936 einr
759 3869 871 3919 nominis
885 3869 1034 3918 memoriam
1047 3875 1140 3931 putant
1151 3877 1223 3916 exta·

119 3947 261 4010 designati,
277 3951 321 4014 qni
344 3950 537 4000 mediterranea
560 3950 652 4001 lunula
693 3959 722 3995 111
742 3946 769 3994 in
788 3947 855 4007 ¹⁰0⁰,
874 3945 919 4008 (itti
936 3957 1006 3994 1111111
1023 3945 1101 4010 wigo
1121 3945 1225 3993 01111111

119 4022 278 4088 incolebant,
293 4032 431 4090 vestesque
443 4039 457 4074 e
471 4024 580 4088 pellibus
593 4026 650 4090 pius
695 4029 811 4082 rooutrrr,
829 4033 879 4070 uec
897 4021 975 4070 situm
992 4021 1070 4083 piane
1084 4019 1225 4070 abhorrere

121 4097 597 4162 ceterisadeotrbnut‚circacorunm
610 4116 652 4151 ur·
693 4094 830 4146 Cluverittt
849 4103 949 4146 ceum.
984 4096 1041 4146 Nic·
1064 4097 1146 4147 Sauro
1165 4095 1226 4148 Sari

122 4174 192 4226 beor.
692 4177 889 4238 interpretatur.

154 4249 276 4302 torisa
292 4250 525 4315 semincurten]
551 4253 652 4304 Coruus
