2917 4767
215 327 300 394 1750
595 376 599 382 .
681 342 717 389 r.
742 339 836 390 urvrr

214 504 339 551 eurnua
352 483 453 550 leves.
466 489 639 550 armature
654 491 741 550 snut.
785 482 874 564 Quae
889 503 943 550 res
958 482 1080 563 effecit,
1095 491 1141 550 ut
1158 486 1337 568 equitatus
1433 471 1434 474 ¹

216 587 392 652 &manus
414 585 588 668 extemplo
603 594 783 668 urgeretur.
820 586 913 650 Nam
928 605 1005 650 cum
1019 589 1078 652 vix
1096 589 1183 673 jam
1212 607 1337 670 perse

214 687 412 751 resisterent
428 687 543 751 decem
559 686 707 752 millibus
721 687 873 770 equitum
887 692 1028 770 quatuor
1049 687 1179 764 millia,
1197 695 1240 751 et
1255 687 1338 750 lessi

215 788 383 870 plerisque
401 787 582 870 integris,²⁰
603 787 715 852 obruti
729 793 808 852 suut
828 789 964 870 insuper
979 789 1074 852 velut
1085 791 1187 852 nube
1198 789 1337 872 jaculu-

215 909 286 955 rum
298 907 319 952 a
332 888 522 954 Baliaribus
533 889 699 972 conjecta·
729 889 786 954 Ad
796 891 860 954 hoe
874 890 1056 974 elephanti,
1066 893 1276 955 eminentes
1293 891 1336 954 ab

215 990 377 1055 extremis
400 992 570 1068 cornibus,
604 989 718 1076 (equis
739 993 889 1056 maxime
918 1009 986 1056 nou
1011 991 1085 1055 visu
1111 989 1246 1068 modo,
1278 991 1337 1054 sed

216 1091 319 1156 odore
333 1093 472 1157 insolito
483 1090 753 1176 territis,)sugam
764 1093 1023 1158 latesaeiebant.
1047 1092 1339 1175 Pedestrispug·

217 1213 262 1258 na
272 1212 333 1276 par
348 1193 469 1257 animis
481 1194 587 1274 magis
601 1189 702 1276 quarn
719 1192 844 1258 viribus
860 1198 946 1273 ernt;
971 1213 1056 1276 quus
1070 1199 1237 1258 recentes
1255 1193 1336 1258 Pue-

216 1289 291 1370 nus,
306 1297 409 1378 paulu
425 1302 504 1358 ante
524 1295 875 1378 curatiscurpuribus,
901 1296 937 1360 in
960 1295 1114 1378 praelium
1139 1294 1334 1360 attulerat:

218 1403 334 1460 contra
344 1395 462 1479 jejuna
470 1394 628 1478 fessaque
639 1415 781 1478 corpora
795 1395 958 1460 Romanis
968 1402 1001 1460 et
1012 1396 1157 1478 rigentia
1168 1395 1254 1476 gelu
1268 1401 1333 1458 tur·

218 1497 353 1578 pebant.
398 1495 618 1561 Restitissent
633 1502 743 1562 tamen
758 1498 890 1575 animis,
918 1497 1045 1562 sicum
1070 1497 1193 1581 pedite
1224 1494 1333 1558 solnm

217 1595 303 1660 iuret
317 1603 509 1679 pugnatum.
553 1597 621 1662 Sed
634 1603 669 1661 et
690 1598 855 1676 Baliares,
871 1597 971 1682 pulso
986 1598 1109 1681 equite,
1119 1596 1334 1682 jaculaban-

218 1704 271 1762 tur
293 1700 327 1763 in
350 1699 465 1775 latera,
481 1707 516 1762 et
542 1699 716 1781 elephanti
732 1699 806 1782 jam
833 1699 867 1762 iu
882 1699 1027 1763 mediam
1043 1698 1204 1783 peditum
1223 1697 1331 1763 aciem

219 1819 295 1865 sese
306 1803 470 1866 tulerant:
493 1806 527 1864 et
542 1799 647 1882 Mago
664 1799 902 1883 Numidaeque,
919 1797 1020 1864 simul
1039 1799 1194 1864 latebras
1216 1817 1330 1862 eorum

218 1903 411 1985 improvida
424 1902 616 1985 praeterlata
641 1901 735 1966 acies
758 1905 836 1979 est,¹
856 1901 966 1965 exorti
979 1901 1024 1966 ab
1045 1905 1137 1982 tergo
1154 1903 1327 1982 ingentem

219 2004 397 2072 tumultum
412 2023 453 2068 ae
467 2010 622 2068 terrorem
638 2003 758 2068 iecere.
803 2002 932 2068 Tamen
950 2004 986 2067 in
1004 2007 1056 2068 tot
1071 2001 1329 2066 circumstanti·

219 2107 285 2172 bus
299 2105 398 2174 malis
411 2105 532 2170 mansit
543 2103 752 2187 aliquamdiu
767 2105 905 2169 immuta
915 2106 1018 2182 acies,
1035 2104 1191 2188 maxime
1203 2113 1327 2188 praeter

219 2225 313 2286 spem
343 2206 488 2270 omnium
513 2203 675 2269 adversus
701 2204 909 2288 elephantus.
956 2202 1026 2269 Eos
1047 2203 1198 2279 velites)
1224 2199 1326 2266 adid

219 2307 330 2389 ipsum
343 2307 456 2382 locati,
472 2305 595 2369 verutis
610 2305 778 2388 conjectis
794 2313 829 2370 et
844 2310 1004 2382 avertere,
1021 2309 1055 2369 et
1069 2305 1218 2369 insecuti
1232 2322 1323 2368 aver·

220 2425 277 2470 sns
291 2408 355 2470 sub
368 2407 502 2483 caudis,
517 2424 584 2489 qua
600 2408 749 2473 maxime
764 2407 857 2472 molli
879 2414 957 2474 cute
982 2407 1119 2472 vulnera
1138 2405 1323 2489 accipiunt,

220 2507 403 2573 fodiebant.
1158 2515 1159 2518 ’

264 2609 318 2672 56.
339 2609 567 2694 Trepidantes
594 2615 792 2696 propeque*
814 2613 885 2696 jam
914 2611 949 2676 in
980 2629 1060 2676 suos
1090 2610 1322 2675 consternatos

220 2709 330 2788 media
353 2711 448 2774 neie³
474 2712 510 2775 iu
529 2717 725 2790 extremam,
750 2713 794 2778 ad
821 2712 994 2776 sinistrum
1015 2729 1130 2786 cornu,
1157 2711 1321 2774 adversus

220 2808 340 2874 Gallos
369 2811 551 2877 auxiliares
582 2814 638 2894 agi
661 2813 765 2897 jussit
794 2812 978 2877 Hannibal.
1022 2811 1205 2893 Extemplo
1234 2805 1320 2876 haud

220 2911 358 2975 dubiam
373 2912 482 2976 fecere
496 2913 619 2994 fugam.
665 2913 812 2976 Additus
827 2932 961 2996 qunque
978 2931 1088 2976 novus
1103 2921 1211 2976 terror
1253 2907 1319 2972 Ru·

220 3011 341 3090 manis,
367 3021 406 3077 ut
420 3013 498 3077 fusa
510 3013 640 3078 auxilia
662 3032 724 3078 sua
747 3013 910 3079 viderunt.
954 3013 1085 3096 ltaque,
1112 3031 1189 3076 eum
1199 3011 1273 3097 jam
1288 3009 1320 3071 in

221 3111 336 3176 orbem
351 3119 555 3197 pugnarent,⁵
569 3114 687 3178 decem
708 3113 814 3178 millia
828 3115 929 3178 serme
943 3113 1124 3190 hominum,
1140 3131 1221 3176 cum
1233 3105 1318 3174 alia⁶

222 3215 366 3280 evadere
391 3217 599 3298 nequissent,
629 3215 743 3279 media
770 3215 926 3280 Aliorum
955 3215 1040 3294 acie,
1072 3233 1149 3297 qnae
1179 3209 1319 3278 Gallicis

222 3316 362 3380 auxiliis
378 3315 507 3380 firmata
521 3323 603 3392 erat,
624 3335 700 3380 cum
717 3315 843 3402 ingenti
858 3313 954 3380 caede
969 3315 1116 3380 hostium
1132 3329 1316 3397 perrupere.

222 3415 366 3479 Etcum
386 3433 495 3498 neque
517 3417 550 3479 iu
575 3421 687 3480 castra
701 3417 828 3481 reditus
844 3421 936 3480 esset
957 3415 1093 3480 flumine
1117 3413 1315 3488 interclusis,

254 3601 268 3625 ⁸
284 3591 376 3642 Statim
384 3597 455 3656 etque
467 3592 627 3643 Romamn
638 3596 711 3659 eopia
722 3595 886 3660 imprudenter
893 3595 1178 3660 pretergrerroejnerunt
1189 3597 1270 3657 ίοωι,
1280 3589 1316 3641 nil

223 3657 300 3728 linge
309 3673 361 3707 cum
373 3657 487 3708 Numidis
497 3658 593 3708 aaut.

683 3804 862 3830 ”enmono

222 3935 328 3986 dedmte
343 3933 430 3984 malim
446 3948 505 3985 uum
521 3933 738 3986 anenbnrchio
754 3934 876 3984 diducta)
896 3933 1085 3998 {lucrium-2⁰
1103 3932 1173 3982 Olim
1190 3932 1313 3994 legebatur

216 3997 281 4055 sensi
294 3997 396 4047 Renum
404 3997 522 4062 plerisque
532 4000 636 4060 integris
648 3999 785 4050 Penta-l
804 3997 846 4048 ΑΙ.
857 4015 896 4048 eus
905 3999 1005 4062 pedites.
1040 3996 1099 4046 vid.
1112 3997 1174 4048 Not.
1187 3997 1250 4047 Ver.

256 4065 272 4109 8
290 4060 322 4109 In
339 4063 470 4127 plerisque
488 4063 552 4113 Mes.
570 4071 599 4114 et
614 4063 682 4113 Edd.
693 4061 788 4125 legitur
799 4063 990 4126 trepidantesque
1005 4075 1077 4125 pepe
1089 4061 1161 4123 prob.
1173 4059 1311 4112 suom-³

224 4123 300 4187 Cuuj.
315 4125 425 4188 Rupert.
443 4141 457 4175 e
473 4128 514 4176 rel
530 4143 547 4176 u
562 4129 640 4178 nediu
654 4126 716 4187 ucis,
726 4128 768 4177 rei
783 4129 861 4177 medie
875 4127 905 4177 ab
915 4129 1024 4176 ecte-⁴
1041 4126 1153 4177 Meliti.
1166 4127 1197 4176 F.
1209 4126 1311 4177 Gronov·

218 4187 414 4252 freerefugern:
429 4191 568 4260 additurque
583 4205 657 4242 neem
674 4197 807 4242 neren-s
826 4191 896 4243 Olim
913 4190 1052 4255 lugebitur
1068 4189 1185 4250 cnntjnrn
1202 4191 1229 4242 in
1245 4187 1312 4240 erlem
