2917 4767
374 338 481 387 eruar
507 338 576 387 xx.
599 337 921 387 surroarraurun.
1118 322 1198 389 1621

85 477 259 536 exciverunt.
310 477 442 541 luteres
461 480 496 541 L.
519 480 658 539 Lentulus
679 480 793 549 consul,
810 480 862 558 qni
880 480 919 538 ad
936 478 1038 557 ligus-
1051 488 1118 541 Bau.
1130 490 1147 541 l.
1160 506 1203 541 ιιι.

81 575 150 631 ticos
168 572 241 633 lines
253 578 433 636 exercitum
448 577 622 647 abduxerat,
646 597 713 637 cum
735 578 891 655 Liguribus
902 596 1039 656 prospere

81 668 189 727 collatis
210 670 306 747 signis
330 672 503 732 dimicavit.
546 672 692 732 Decretus
714 673 852 750 igiturei
877 673 1040 751 triumphus

81 774 227 843 atquem
249 765 349 825 duxit
374 768 481 829 Idibus
502 767 741 827 Intercaluribus.
783 768 932 827 Auctores
943 769 1039 827 babeo
1052 778 1204 841 inscipit

81 859 140 917 illos
160 862 292 938 primum
317 864 462 923 consules
483 864 622 923 Romana
642 866 727 942 signs
747 873 828 923 tans
849 864 971 923 Padum
983 863 1038 923 ssu—
1068 873 1171 937 Euuop.

81 957 152 1013 uum
165 959 371 1035 promum,
386 959 565 1039 diversisque
573 960 682 1039 praeliis
693 959 833 1038 Ligurum
840 967 871 1017 et
882 959 1040 1018 Gallorum
1051 937 1188 1065 ἳῗξᾝζζ

84 1051 244 1111 Insubrium
258 1054 430 1114 interfecta
442 1054 536 1114 millia
549 1066 674 1134 quatuor
687 1064 719 1114 et
730 1056 845 1133 viginti,
853 1064 943 1133 capta
956 1056 1040 1133 quin·
1052 1065 1113 1113 vidit
1133 1066 1202 1129 Pign.

81 1167 129 1223 que
143 1146 243 1207 luisse.
291 1147 363 1208 Sed
377 1150 473 1210 verius
485 1170 548 1209 csso
565 1160 675 1230 putem,
698 1150 825 1211 tumultu
840 1149 974 1219 Gallico,
988 1151 1040 1228 qui

82 1250 174 1320 postea
194 1245 359 1305 maximus
371 1254 489 1305 secum
502 1255 557 1315 est,
572 1246 693 1306 Padum
706 1248 871 1315 transitum,
887 1245 1040 1305 Insubres·

82 1358 133 1415 que
145 1339 173 1396 in
185 1340 247 1398 suis
260 1340 393 1400 sedibus
406 1340 486 1401 bello
501 1350 629 1402 tentatos
641 1343 766 1422 primum
778 1341 877 1401 luisse.

117 1440 145 1493 8.
164 1436 230 1493 Sub
244 1436 334 1496 idem
349 1446 466 1517 tempus
478 1438 516 1496 ad
531 1436 728 1497 Ptolemaeum
749 1436 873 1517 AEgypti
886 1455 982 1513 regem
997 1435 1039 1494 le-
1052 1449 1119 1499 Ειιιι.
1131 1451 1148 1500 1.
1161 1465 1204 1498 ιιι.

84 1528 136 1603 gari
149 1530 230 1589 missi
243 1533 403 1593 auxilium
417 1532 587 1592 obtulerunt
599 1553 667 1592 cum
680 1533 834 1592 Antiocho
844 1540 875 1591 et
883 1531 968 1611 Syris
980 1530 1043 1590 bel·

84 1621 168 1682 lauti:
189 1627 310 1701 gratias
333 1628 397 1704 egit
417 1646 487 1687 rex:
513 1629 693 1687 ceterumin
714 1628 871 1707 praesentia
890 1628 948 1685 sibi
968 1646 1042 1706 opus

86 1718 189 1778 anxilio
201 1740 268 1780 eme
284 1722 423 1799 negavit,
436 1722 516 1801 quod
527 1724 716 1803 pactionibus
729 1722 844 1782 linitum
852 1724 919 1800 jam
929 1721 1041 1780 bellurn

87 1821 162 1872 esset
206 1815 317 1876 Laetus
342 1817 449 1877 deinde
472 1817 617 1876 Romanis
638 1818 782 1877 adventus
807 1817 951 1877 Hieronis
971 1817 1040 1885 fuit,

89 1904 300 1987 Syracusarum
328 1915 422 1991 regis:
453 1908 594 1992 exceptus
613 1914 748 1972 omnibus
769 1913 937 1981 honoribus,
954 1914 1042 1971 sicot

87 2022 175 2080 regem
188 2008 338 2079 amicum,
354 2018 384 2069 ct
396 2006 473 2068 bene
484 2010 630 2080 meritum,
651 2017 681 2067 et
700 2009 838 2068 maximae
851 2008 983 2067 victoriae
995 2028 1042 2066 so·

91 2098 159 2158 uum
174 2106 327 2182 oportuit,
349 2105 461 2185 populo
484 2104 624 2165 Romano
644 2104 773 2163 ducenta
796 2103 891 2162 millia
910 2103 1041 2162 modium

90 2194 187 2252 tritici*
211 2198 295 2259 dono
311 2200 404 2259 dedit.
446 2200 579 2261 Venerat
591 2200 630 2259 ed
643 2199 728 2259 ludos
740 2198 926 2279 spectandos,
940 2200 991 2277 qui
1011 2200 1040 2257 in

90 2300 252 2366 sequentem
275 2304 407 2355 anuum!
427 2280 653 2375 apparabantur.
704 2293 789 2353 Nam
813 2294 875 2353 ludi
895 2294 1041 2354 seculares

92 2386 171 2453 tertii,
185 2391 353 2450 secundum
362 2392 516 2469 quosdam,
531 2391 572 2452 Ρ.
587 2388 725 2450 Cornelio
741 2390 776 2449 L.
792 2389 827 2448 F.
841 2388 889 2449 Ti.
904 2389 948 2449 N.
963 2390 1039 2449 len·

92 2476 150 2537 tulo
163 2480 315 2555 (leudino,
339 2485 377 2545 C.
398 2486 512 2544 Licinio
525 2485 566 2544 P.
582 2485 617 2543 F.
632 2486 675 2546 P.
689 2484 735 2545 N.
751 2484 835 2545 Varo
847 2485 1038 2555 oonsulibus?

92 2574 224 2637 celebrati
236 2589 327 2640 aunt:
349 2591 383 2640 ut
394 2600 482 2660 supra
490 2600 606 2660 quoque
618 2580 779 2641 retulimus.
823 2580 959 2657 Magistri
972 2601 1039 2659 pro·
1059 2588 1136 2652 sopra
1144 2603 1203 2639 ¹1¹.

95 2673 435 2735 saturninianorum
458 2676 515 2735 Μ’.
530 2675 666 2735 ιΕιιιιιιι
680 2675 737 2735 Μ’.
754 2675 789 2735 F.
812 2675 859 2734 nr.
877 2674 978 2735 Livius
991 2676 1038 2735 M.
1051 2656 1202 2779 iltioni.

97 2759 129 2821 F·
143 2765 187 2827 lll-
203 2769 250 2833 N.
267 2772 418 2831 Salinator
431 2772 534 2832 creati.
1052 2778 1170 2842 spl'iab·
1193 2802 1197 2807 ·

130 2864 159 2917 9.
180 2862 325 2926 Boiorum
338 2869 449 2926 interea
463 2867 619 2947 principes,
633 2866 704 2927 elati
717 2867 877 2926 numerosis
898 2866 1038 2925 Transal·
1052 2874 1136 2924 zoom.

99 2954 223 3028 pinorum
237 2962 369 3032 auxiliis,
388 2962 427 3021 sd
441 2962 575 3022 consules
594 2964 707 3032 mucre,
730 2964 865 3041 petitum,
880 2970 913 3021 ut
928 2961 1040 3021 Arimi·

99 3054 184 3113 nemis
199 3076 271 3136 ager
293 3078 360 3117 cum
382 3059 464 3128 urbe,
487 3077 553 3136 quae
577 3058 658 3117 haud
672 3058 810 3135 ambiguo
832 3055 946 3115 Gallici
965 3057 1042 3133 juris

99 3158 194 3221 ment,
207 3155 264 3213 sibi
278 3155 513 3214 restituerentur:
536 3155 565 3211 ui
578 3152 671 3224 ficret,
686 3152 797 3212 bellum
810 3162 895 3212 atrox
908 3161 940 3211 et
951 3153 1040 3211 iuter-

103 3247 226 3309 necirum
250 3250 447 3309 minabantur.
490 3248 644 3319 Consules,
665 3249 716 3328 qui
734 3248 864 3307 nondum
883 3248 1041 3307 contractis

103 3344 193 3421 copiis,
207 3366 303 3425 neque
313 3347 395 3405 casui
414 3346 591 3425 paucitatem
608 3364 725 3404 suorum
738 3344 866 3421 objicere
879 3344 1040 3415 audebant,

103 3456 186 3517 neque
207 3442 357 3522 postulata
378 3440 722 3501 Gallorumconcedere
747 3449 894 3519 poteraut,
920 3440 1040 3519 siquid

105 3534 215 3610 vellent,
240 3540 279 3597 ad
291 3547 423 3597 senatum
437 3536 594 3597 mittendos
610 3556 671 3596 osse
685 3536 797 3614 legatos
809 3536 1038 3616 responderunt:

102 3628 201 3705 placuit
212 3634 344 3694 conditio
365 3633 476 3703 Gallis,
499 3643 539 3703 et,
563 3633 633 3692 dum
646 3634 687 3692 ire
701 3652 738 3691 ac
753 3632 848 3691 redire
867 3632 957 3710 legati
971 3652 1036 3712 pos-

105 3804 141 3909 ci
155 3802 298 3876 Qualibus.
316 3803 392 3853 Hauc
403 3817 458 3854 voc.
469 3817 525 3867 quae
537 3801 631 3851 ciuisse
642 3808 682 3853 est
693 3800 720 3850 in
732 3799 860 3865 prioribus
869 3797 928 3847 edd.
939 3797 1040 3847 addidit

124 3878 203 3917 ferrer.

472 3959 655 3981 numne„

129 4056 335 4110 'Ducentemillio
344 4057 544 4121 modiumtrilics]
588 4061 658 4109 Creo.

105 4114 191 4174 Medios
232 4125 395 4176 Parisicnser
439 4128 544 4175 terroe.
617 4122 681 4173 Ἀ.
694 4122 726 4173 U.
739 4120 769 4171 C.
780 4123 838 4172 tro.
854 4117 888 4169 Α.
900 4118 931 4170 C.
942 4120 1000 4167 Ν.
