2917 4767
245 362 343 429 itus
513 405 518 413 ·
719 372 768 425 n.
794 374 889 423 nivii

256 533 342 598 Polyb
418 526 538 600 repente
558 518 748 579 incusarent.
790 516 927 597 Regulus
942 516 1163 596 contra-copiis
1178 532 1219 577 ex
1231 534 1317 577 more
1331 516 1384 575 iii-

291 662 296 671 .
419 615 546 685 structis,
558 634 626 674 cum
646 614 820 694 elephantos
839 614 870 673 iu
890 614 984 694 prima
1004 612 1166 672 Ptencrum
1183 614 1250 672 acie
1262 622 1385 673 munies

419 711 630 791 conspexisset,
642 708 797 769 consilium
809 708 942 769 celeriter
954 708 1052 788 cupit:
1075 707 1177 768 leviter
1193 717 1331 769 miriatos
1351 709 1382 766 iii

420 806 546 867 irenem
567 804 706 864 adducit:
728 805 759 863 iu
779 804 915 863 subsidiis
934 803 1015 863 locet
1030 802 1136 863 densos
1154 802 1309 882 legionum
1331 822 1382 863 or·

419 901 521 961 dines:
542 901 656 981 equites
675 901 706 959 in
722 920 834 960 cornua
845 899 1065 965 diffiinduutur:
1088 899 1122 960 fii
1133 902 1213 960 acies
1225 902 1257 960 in
1271 901 1380 960 altitu·

418 996 519 1056 dinem
539 995 634 1065 firma,
647 995 699 1055 sed
720 995 814 1055 multo
830 1014 921 1075 quam
933 994 1030 1055 iuerat
1041 996 1198 1075 augustior.
1241 996 1294 1055 Ita
1306 1014 1381 1056 cum

418 1101 451 1153 et
469 1093 510 1152 ab
522 1092 697 1172 elephantis,
710 1099 742 1151 et
754 1092 792 1152 ab
805 1091 953 1171 equitibus
966 1092 1094 1151 hostium
1110 1091 1273 1171 periculum
1286 1102 1380 1163 ml,

419 1187 560 1248 adversus
581 1186 746 1247 belluarum
765 1186 885 1267 quidem
905 1187 1092 1267 irruptionem
1112 1198 1191 1247 recte
1211 1187 1380 1267 provisum,

418 1282 472 1343 sed
492 1283 523 1342 in
544 1282 617 1343 locis
637 1283 806 1362 petentibus
818 1282 943 1363 spatium
960 1282 1106 1361 equitatui
1118 1282 1242 1343 hostiurn
1256 1282 1377 1354 datum,

420 1388 454 1437 iit
465 1377 660 1439 circumfundi
671 1378 830 1438 contractis
841 1376 991 1437 ordinibus
1003 1386 1110 1457 posset.

317 1477 320 1481 ’
459 1478 511 1533 26.
533 1472 677 1533 Proelium
698 1474 739 1532 ab
760 1472 923 1553 elephantis
944 1472 1044 1553 coepit,
1067 1492 1141 1552 quos
1164 1472 1194 1531 in
1218 1471 1376 1532 adversum

419 1586 526 1648 agmen
544 1569 592 1647 egi
606 1568 800 1649 Xanthippus
809 1569 916 1646 jussit:
937 1566 1149 1646 confestimque
1162 1566 1297 1628 Romani
1311 1568 1377 1627 cla·

419 1684 500 1724 more
522 1664 640 1725 sublato
662 1684 744 1724 arma
766 1662 915 1744 pulsantes
936 1662 1122 1723 contulerunt
1143 1662 1278 1741 predum.
1320 1664 1376 1724 Ab

418 1759 569 1839 equitibus
588 1759 679 1819 etiam
698 1760 844 1839 utrimque
867 1760 897 1818 in
921 1758 1057 1819 comibus
1078 1778 1178 1839 pugna
1198 1758 1375 1819 commissu:

419 1854 473 1914 sed
494 1854 581 1933 louge
601 1855 649 1914 hic
665 1854 776 1914 minore
789 1853 995 1915 Romanorum
1007 1873 1137 1925 numero,
1151 1874 1220 1913 cum
1238 1855 1376 1914 sustineri

420 1951 467 2010 vis
486 1951 613 2011 hostium
625 1970 685 2009 non
704 1960 814 2030 pomet,
829 1952 889 2011 cito
901 1952 973 2028 fuga
983 1949 1066 2010 facta
1077 1960 1132 2011 est.
1173 1949 1251 2010 Ate
1266 1950 1376 2031 pediti-

421 2045 477 2105 bus
498 2046 550 2125 qui
574 2046 682 2105 sinistri
706 2045 869 2118 astiterunt,
892 2047 954 2107 sive
975 2046 1197 2126 elephantorum
1219 2064 1376 2107 occursum

413 2140 552 2212 mimmii,
560 2141 623 2201 sive
630 2140 793 2201 faciliorem
805 2150 953 2222 sperantes
965 2141 1003 2201 de
1013 2142 1197 2203 mercenariis
1206 2142 1375 2211 victoriam,

420 2234 552 2294 horum
544 2254 575 2294 iri
592 2236 689 2295 eciem
705 2237 829 2307 irruunt,
849 2256 1006 2317 versosque
1026 2238 1056 2297 in
1076 2237 1177 2315 fugam
1198 2236 1238 2296 sd
1257 2236 1375 2297 vallum

421 2349 513 2409 iisque
533 2338 693 2391 cuborum
712 2330 862 2391 hostilium
875 2340 1095 2413 persequuntur.
1137 2330 1211 2391 Nou
1228 2350 1315 2411 seque
1329 2332 1376 2393 ia·

260 2383 412 2490 Procubuit.
420 2423 477 2483 sile
498 2424 620 2504 reliquis
638 2424 778 2487 adversus
797 2425 968 2507 elephantos
984 2436 1131 2487 certamen
1151 2427 1226 2487 fuit:
1248 2446 1375 2509 quorum

256 2511 344 2634 pq}
419 2518 598 2580 intolerabili
618 2518 696 2580 mole
716 2520 941 2601 dissipabantur
951 2522 1076 2594 ordines,
1090 2524 1316 2603 proterebantur
1328 2544 1375 2585 ar·

420 2616 503 2687 mati,
517 2616 636 2693 agmina
647 2624 711 2675 tota
723 2625 864 2696 tanquam
877 2618 962 2678 ruina
973 2619 1183 2678 stemebautiir.

459 2716 510 2774 ai.
531 2709 704 2771 Smtinebat
723 2720 823 2771 temen
842 2712 1043 2773 incumbentes
1063 2714 1128 2793 ipse
1143 2713 1218 2773 aciei
1231 2713 1374 2785 densitas,

419 2804 544 2885 aliisque
565 2804 616 2867 alii
634 2807 784 2867 substituti
797 2806 930 2868 ordines:
950 2806 1045 2869 donec
1057 2807 1143 2868 simul
1155 2808 1227 2869 locis
1238 2810 1376 2870 omuibus

419 2899 548 2961 laborari
568 2911 707 2983 coeptum,
720 2902 793 2961 dum
811 2903 937 2963 extremi
957 2904 1067 2983 quique
1087 2904 1126 2963 ab
1147 2904 1299 2983 equitibus
1318 2906 1375 2966 cir·

419 2999 580 3068 cumvcnti,
592 2998 704 3078 priores
723 3006 870 3077 quotquot
883 2999 950 3076 jani
966 2998 1186 3079 elephantorum
1199 3000 1297 3061 aciem
1308 3020 1375 3081 per·

420 3103 570 3173 ruperunt,
592 3094 631 3153 eb
656 3093 772 3173 integre
793 3102 825 3152 et
848 3093 990 3153 instructa
1012 3094 1158 3175 phalange
1181 3096 1321 3166 hostium,
1344 3104 1376 3155 et

256 3212 376 3263 rmum„
386 3189 638 3262 „.assutisntibus.
649 3189 796 3267 utrimque
808 3188 947 3249 velitibus
958 3191 1087 3269 excepti,
1101 3190 1210 3271 passim
1223 3190 1374 3251 trucidan-

256 3308 344 3375 Poiyi.
421 3295 477 3345 tur.
521 3282 633 3362 Neque
653 3284 749 3341 minus
768 3282 859 3343 credis
878 3283 907 3343 in
928 3285 991 3364 ipsa
1012 3284 1083 3363 iuga
1100 3284 1174 3345 fuit:
1198 3295 1376 3366 peraperta

257 3380 488 3455 rmffljoca
509 3386 540 3437 et
560 3378 653 3456 plana
673 3376 781 3437 effusos
796 3378 946 3459 elephanti
965 3378 1165 3460 Numiquue
1182 3381 1298 3461 equites
1319 3382 1375 3441 iru-

255 3500 399 3552 n0,‚,1‚2‚
422 3473 694 3535 ministraremus
737 3472 784 3533 M.
803 3473 939 3553 Regulus
958 3496 1026 3536 cum
1047 3476 1190 3537 militibus
1206 3477 1268 3536 fere
1286 3477 1374 3556 qiiin·

257 3596 344 3663 Polyb.
420 3570 515 3647 gentis
535 3568 621 3627 viius
640 3569 797 3629 iumanus
816 3569 1076 3632 hostiumrenitr,
1091 3592 1130 3631 ex
1153 3580 1216 3632 toto
1237 3572 1374 3633 exercitii

420 3684 479 3725 unii
500 3663 625 3745 amplius
643 3663 704 3724 duo
720 3664 815 3725 millia
834 3665 996 3737 hominurn,
1017 3667 1069 3747 qui
1091 3668 1284 3727 mercenarios
1306 3667 1373 3727 loco

419 3758 603 3840 pepulerant,
629 3759 768 3822 festinato
794 3761 877 3821 abitu
904 3760 1051 3871 Clupeam
1080 3762 1242 3822 incolumes
1266 3770 1373 3842 prater

272 3860 374 3919 Morsus
418 3875 501 3936 spem
513 3864 676 3915 evaseruut.
717 3854 922 3919 Romanorum
935 3858 1137 3938 sociorumque
1149 3856 1243 3919 millia
1256 3858 1374 3917 circiter

257 3922 358 4049 ffl‘p
418 3952 540 4030 migiuta
559 3959 627 4024 sunt
646 3950 809 4015 interfecta.
852 3950 902 4013 De
923 3952 1042 4015 Punico
1055 3954 1185 4015 exercitu
1201 3952 1374 4014 ceciderunt

256 4051 342 4117 Polyb.
412 4065 477 4105 uon
497 4047 594 4118 multi,
609 4057 714 4129 prater
734 4049 916 4127 octingentos
933 4068 972 4110 ex
985 4050 1228 4111 mercenariorum
1243 4050 1372 4129 agmine,

420 4140 500 4222 quod
512 4142 650 4206 adversus
661 4144 808 4206 sinistrum
822 4144 914 4209 hostis
926 4166 1015 4209 cornu
1033 4144 1234 4210 dimicaverat.
