2917 4767
495 406 570 454 ure.
592 405 712 454 xxrrr.
735 405 817 454 our.
837 390 891 456 20.
1148 391 1238 459 1923

107 553 260 616 terreni
284 556 378 616 extre
403 567 531 614 murum
555 558 640 628 erut,
661 567 818 634 raporum
833 547 966 614 semen¹
985 549 1181 634 injecerunt,
1198 560 1236 616 nt

111 650 327 730 Hannibal,
350 656 362 688 ‘
379 653 474 718 Eone
488 671 609 736 nsque,
626 651 705 716 dnru
720 669 762 716 eo
775 657 967 727 naseuntur,
985 649 1028 714 ed
1050 649 1236 718 Cosilinum

113 771 300 822 maurus
315 752 462 818 suml'¹⁹
474 755 699 818 exelnmeretz
716 759 761 831 et,
777 753 836 837 qni
847 753 973 817 nnllam
988 758 1091 818 antee
1104 757 1236 836 poetio-

112 875 216 920 nem
240 856 375 921 nuribus
397 855 591 932 admiserat,
612 861 681 920 tum
703 854 835 919 demum
849 855 903 938 egi
919 873 1032 919 secum
1047 862 1099 919 est
1113 876 1236 939 pessus

115 957 181 1021 do
212 957 415 1022 redemtione
440 957 615 1020 liberorum
643 958 806 1041 cupitum.
858 956 1046 1040 Septunoes
1071 959 1174 1020 enri'*
1200 959 1235 1022 in

117 1059 292 1142 singulos
305 1059 447 1141 pretium
463 1059 633 1123 convenit.
664 1057 750 1122 Fido
764 1063 917 1142 ueoeptu,
928 1077 1003 1123 sese
1013 1059 1234 1126 tradiderunt:

117 1158 245 1225 donec
261 1179 360 1225 omne
375 1179 491 1224 nurum
507 1159 714 1242 persolutum
728 1167 790 1238 est,
804 1163 839 1224 in
855 1161 1000 1226 vinculis
1017 1161 1142 1226 trebiri:
1165 1168 1232 1228 tutu

119 1263 271 1327 remissi
286 1263 412 1328 Gnnree
426 1279 503 1328 oum
518 1261 595 1326 fide.
640 1261 682 1326 Id
697 1263 809 1328 verine
820 1269 883 1339 est,
899 1280 1000 1346 quem
1014 1264 1058 1328 nb
1071 1265 1184 1346 equite
1199 1265 1234 1328 in
1306 1313 1310 1320 .

118 1363 298 1428 abeuntes
323 1363 474 1428 immisso
503 1364 708 1429 interfectos.
761 1364 962 1429 Praenestini
985 1366 1233 1448 maximopere

122 1465 238 1528 fuere.
283 1463 338 1528 Ex
352 1465 542 1549 quingentis
556 1465 778 1549 septuaginta,
793 1467 852 1551 qni
866 1467 901 1531 in
917 1466 1076 1551 presidio
1090 1467 1232 1542 inerunt,

124 1566 247 1631 minue
261 1565 436 1631 dimidium
450 1567 572 1631 serrum
592 1565 764 1651 iamneque
782 1567 966 1633 ubenmeit:
988 1569 1090 1633 ceteri
1102 1569 1231 1634 incoln-

126 1687 211 1732 mee
227 1667 399 1734 Praeneste
421 1687 499 1733 enm
522 1675 664 1752 preetore
685 1687 749 1734 suo
771 1668 923 1735 Manioio
942 1668 1072 1755 (scriba
1086 1672 1117 1734 ie
1131 1678 1233 1736 eutee

128 1767 262 1854 fueret)
285 1769 463 1836 redieruut.
507 1770 629 1836 statue
653 1770 728 1854 ejus
751 1771 878 1838 indicio
899 1769 976 1850 init,
1001 1771 1172 1836 Proeueste
1198 1773 1232 1834 in

129 1871 211 1936 foro
226 1875 361 1949 statute,
376 1871 534 1950 loricata,
551 1871 674 1937 nmlote
687 1879 775 1955 toga,
799 1873 912 1939 veluto
930 1874 1084 1957 oeplte;⁰
1107 1883 1143 1937 et
1168 1873 1232 1938 trie

129 1977 232 2056 signe
246 1991 322 2038 onru
342 1974 440 2038 titulo
454 1973 576 2038 lemnon
585 1979 614 2011 ²⁰
627 1989 732 2038 eeneee
747 1973 921 2057 inscripto,
943 1973 1154 2038 ‘Menioium
1171 1991 1231 2056 pro

131 2073 310 2149 militibus,
325 2074 384 2157 qni
399 2073 539 2139 Casilini
564 2075 598 2138 in
619 2073 781 2157 presidio
793 2073 928 2149 tuerint,
942 2085 1059 2140 votum
1072 2074 1231 2140 vovisse!

133 2174 232 2240 Idem
248 2175 365 2240 titulus
386 2177 492 2240 tribus
509 2175 615 2258 siguis
629 2177 663 2239 iu
679 2174 755 2240 tede
769 2175 930 2241 Fortunee
943 2176 1061 2258 positis
1074 2176 1140 2240 fuit
1152 2177 1229 2240 sub-

127 2277 257 2360 jectns.

178 2379 234 2443 2⁰.
250 2379 433 2445 Cosilinum
451 2378 612 2462 oppidum
624 2377 788 2445 redditum
799 2377 979 2464 Componis
990 2381 1228 2458 estimatum

132 2481 420 2564 septingentorum
437 2481 576 2544 militum
597 2480 638 2544 de
661 2482 814 2546 exercitu
831 2480 1034 2546 Hannibalis
1052 2483 1231 2565 praesidi03

132 2599 190 2652 ne,
216 2583 274 2647 nbi
300 2582 429 2647 Poenus
456 2582 534 2646 iude
561 2583 796 2659 abscessisset,
822 2581 967 2646 Romani
987 2593 1227 2666 oppugnarent.

134 2682 357 2747 Praenestlois
372 2681 533 2746 militibus
547 2688 681 2746 munius
697 2681 874 2746 &monus
889 2681 1014 2765 duplex
1025 2684 1228 2765 stipendium

132 2789 170 2846 et
182 2783 419 2868 quinquennii¹
435 2784 564 2849 militiae
576 2785 786 2849 vacationem
801 2784 958 2848 decrevit.
991 2782 1137 2847 civitate
1150 2803 1226 2848 cnm

132 2884 331 2951 donarentur
356 2886 401 2949 ob
423 2885 674 2964 virtutemnon
694 2890 930 2948 mutaverunt.o
972 2883 1228 2948 Pernuinornml

129 3183 380 3248 pannum-re
396 3181 439 3232 ΑΙ.
465 3183 545 3232 Neeee
563 3184 619 3232 ledo
635 3183 778 3242 susm-dli
794 3183 856 3232 Vet.
878 3181 924 3232 lib.
943 3180 1012 3246 epod
1034 3181 1122 3246 Sigon.
1138 3183 1228 3231 κακή

131 3252 284 3298 unm-itt
300 3247 407 3298 Latina
418 3245 486 3298 lidd-
496 3257 560 3298 ente
572 3248 688 3298 Gronov.

623 3393 730 3446 Nom

164 3492 170 3525 ¹
183 3491 402 3556 Rmmmen]
420 3491 485 3540 Cum
495 3489 660 3540 Poeulberbl·
699 3491 830 3554 legumine
843 3497 1017 3538 reserrentur.

131 3566 191 3616 doru
200 3565 659 3634 eolnru,mirrie,vlcinrrnr,(oonintre
732 3573 751 3598 ¹
766 3565 894 3629 Βῳίιιεω
914 3562 980 3626 ueri]
1001 3563 1029 3613 Sl
1051 3562 1154 3612 uneiurn
1175 3563 1225 3613 lle·

128 3641 232 3701 orbem,
243 3641 310 3705 qnod
324 3643 404 3691 veluit
422 3643 574 3705 (llereenns,
585 3643 660 3708 queri
699 3655 801 3692 menum
820 3641 874 3689 eriri
887 3640 1009 3690 bedleruo
1019 3639 1103 3702 pretio
1114 3637 1226 3689 estime-

130 3717 233 3774 πλήσων
242 3717 286 3765 rei
295 3717 391 3778 τείχους
406 3725 474 3767 esset
485 3719 554 3769 intre
564 3733 659 3780 moror,
699 3731 765 3773 mne,
775 3731 827 3766 non
843 3717 927 3765 mione
942 3720 985 3764 44.
1004 3716 1076 3763 libris
1095 3715 1225 3764 Freneiole

129 3807 189 3845 oum
209 3794 244 3841 eit
256 3793 335 3855 juxte
352 3793 461 3857 muroe,)
481 3805 608 3854 irruent,
626 3807 659 3842 ue
700 3794 805 3844 relebit.
837 3794 944 3854 Septem
965 3791 1045 3854 igitur
1066 3791 1148 3838 nome
1171 3789 1225 3837 edl-

130 3869 229 3921 obseul
246 3868 334 3918 berbin
351 3869 388 3917 lbi
405 3871 472 3918 netis
484 3871 520 3918 oti
537 3877 658 3934 poseeut;
699 3869 769 3920 cient
782 3870 837 3932 plue
849 3867 973 3918 trecentis
987 3867 1057 3913 llbrls
1068 3864 1225 3912 nostretibue

129 3945 155 3993 bi
167 3957 286 4008 reporuru
301 3945 356 3993 sire
370 3958 487 4007 replerunt
505 3947 601 3994 semiue
618 3961 658 3994 eu·
699 3945 724 3994 lu
737 3945 838 4002 singen
850 3943 953 4004 eapite:
971 3954 1052 4004 eoque
1066 3941 1136 4001 lytro
1147 3947 1225 3999 pecto

129 4021 182 4071 lum
196 4021 263 4069 idem
282 4021 465 4083 impleverunt,
477 4035 526 4083 quo
544 4035 571 4070 ee
588 4037 657 4071 eom·
698 4035 726 4068 ee
738 4019 903 4067 dediderunt.

129 4097 234 4148 nodum
246 4097 588 4158 indeeliqnodnilrllomlnur
600 4111 656 4162 per·
730 4099 743 4127 Ι
763 4092 845 4142 Velnto
855 4088 945 4153 eapite]
962 4089 998 4138 Ut
1015 4089 1041 4137 iu
1056 4101 1085 4136 re
1101 4088 1224 4140 dirimet

130 4181 253 4238 cepturoe
270 4171 447 4234 ostenderent,
459 4179 486 4220 et
500 4171 658 4222 obsidionem
698 4177 758 4220 voto
768 4165 937 4229 coneiplendo
948 4162 1122 4214 reddendore.

131 4249 288 4300 edbuoentis
300 4248 343 4298 diu
358 4249 591 4306 tolereturor,dum
603 4251 657 4300 baec
728 4253 741 4279 ⁰
760 4243 818 4292 Noe
829 4238 989 4302 munet]
1005 4239 1223 4294 metentem-etu-
