2917 4767
251 375 338 444 lato
724 383 761 438 τ’.
786 389 882 439 nrvrr

251 542 426 602 bus'ca'vm
441 555 555 618 rupes,
576 541 614 599 ut
637 535 793 618 quaedam
813 553 925 600 earum
949 535 1096 599 ducenos
1111 540 1259 603 armatos
1274 553 1370 619 pos·

252 647 328 704 sent
349 657 483 720 capere.
529 636 570 700 ln
593 636 656 700 bas
679 637 835 712 latebras,
860 641 942 718 quot
963 655 1130 720 quemque
1145 638 1257 700 locam
1272 647 1370 718 apta

251 738 392 804 insidere
408 747 575 821 poterant,
591 737 738 821 quinque
762 738 865 801 millia
890 737 1074 801 conduntur
1095 737 1245 818 peditum
1261 739 1372 821 eqni*

250 847 454 924 tumque.¹⁷⁰
509 839 646 904 Necubi
670 845 783 902 tamen
818 845 878 902 ant
914 845 1025 902 motus
1060 837 1206 921 alicujus
1236 845 1372 902 temere

251 942 391 1024 egressi,
414 947 473 1005 aut
493 941 603 1022 iulgor
617 957 783 1004 armorum
809 939 962 1004 fraudem
990 941 1025 1002 in
1049 940 1137 1003 valle
1167 946 1237 1004 tam
1260 959 1372 1023 aper-

250 1052 287 1107 ta
309 1045 494 1126 detegeret3
525 1043 640 1106 missis
671 1043 792 1124 paucis
821 1043 928 1124 prima
962 1042 1039 1108 luce
1070 1042 1113 1106 ad
1144 1042 1370 1126 capiendum,

252 1165 348 1228 quern
379 1152 459 1208 ante
490 1143 652 1220 diximus,
686 1141 862 1219 tumulum,
897 1143 1015 1206 avertit
1046 1142 1167 1206 oculos
1198 1143 1368 1208 bostium

251 1246 365 1309 Primo
382 1245 497 1310 statim
515 1248 702 1327 conspectu
724 1249 888 1307 contemta
910 1244 1084 1326 paucitas:
1108 1262 1150 1307 ac
1173 1245 1242 1309 eibi
1266 1245 1368 1327 quis-

251 1365 316 1428 que
331 1346 514 1428 deposcere
539 1346 715 1428 pellendos
739 1347 814 1411 indo
837 1345 966 1412 hostes.
1011 1345 1068 1409 Ad
1082 1345 1196 1409 locum
1217 1347 1367 1428 capion»

252 1447 428 1512 dumdnx
438 1447 464 1488 ¹⁸
497 1449 574 1529 ipse
605 1448 690 1512 inter
717 1448 957 1512 stolidissimos
990 1448 1284 1532 ferocissimosque
1314 1450 1364 1512 ad

252 1567 345 1612 arma
369 1555 513 1628 vocat30
534 1555 568 1613 et
589 1549 688 1611 vanis
706 1548 826 1612 animis
852 1555 885 1612 et
907 1549 1007 1613 minis
1030 1549 1185 1632 increpat
1212 1549 1364 1616 hostem.

252 1651 424 1733 Principio
445 1650 552 1714 levem
576 1657 778 1715 armaturam
802 1651 969 1729 dimittier
986 1651 1105 1716 deindo
1127 1651 1281 1715 conserto
1302 1671 1365 1734 ag-

252 1754 343 1816 mine
357 1753 458 1817 mittit
473 1753 623 1835 equites:
646 1758 830 1835 postremo,
850 1772 927 1816 cum
947 1753 1105 1817 hostibus
1127 1773 1267 1836 quoque
1283 1755 1361 1818 sub-

253 1855 341 1918 sidia
355 1855 445 1918 mitti
459 1854 596 1931 videret,
611 1855 781 1918 instructis
795 1853 985 1935 legionibus
1000 1855 1164 1938 procedit.
1202 1855 1249 1924 Et
1265 1855 1364 1920 Han·

252 1956 353 2032 nibal,
364 1956 593 2021 laborantibus
606 1958 677 2021 suis
688 1956 756 2020 alia
769 1959 870 2039 atque
885 1957 963 2034 alia,
977 1963 1147 2022 crescente
1163 1957 1362 2033 certamine,

253 2058 390 2120 mittens
405 2057 537 2122 auxilia
551 2059 702 2140 peditum
718 2057 948 2140 equitumque,
966 2057 1039 2140 Jam
1057 2057 1184 2140 justam
1198 2059 1363 2140 expleve-

254 2163 306 2220 rat
320 2160 440 2235 aciem,
456 2177 497 2223 ac
511 2160 591 2223 totis
610 2161 775 2241 utrimque
794 2157 922 2222 viribus
943 2161 1139 2224 certabatur.
1184 2159 1303 2223 Prima
1316 2161 1366 2224 le-

253 2258 308 2320 vis
333 2265 501 2322 armatura
525 2259 768 2335 Romanorum,
795 2267 1068 2343 praeoccupatum
1097 2259 1254 2324 interiore
1281 2262 1362 2326 loco
1452 2306 1453 2314 .

205 2397 208 2402 -
255 2359 441 2422 succedens
453 2360 645 2437 tumulum,‘⁸
669 2359 771 2442 pulsa
794 2358 999 2444 detrusaque
1018 2368 1174 2426 terrorem
1189 2361 1225 2424 in
1241 2381 1363 2427 succe·

256 2620 394 2679 Poenorum,
402 2633 470 2682 quera
478 2620 733 2683 minuebant-ld
743 2621 774 2676 ln
784 2621 849 2672 Mas.
858 2622 1052 2688 quamplurimis
1060 2621 1273 2683 detegendis-lt
1283 2624 1291 2650 ‘
1301 2623 1365 2672 Por·
1451 2661 1452 2667 ,

255 2690 284 2730 te
296 2683 386 2744 equites
396 2683 539 2746 quingenti:
555 2683 636 2733 Gron.
645 2685 703 2733 coll.
715 2685 809 2747 Polyb.
822 2689 930 2734 rur-1⁰⁴.
953 2687 1051 2746 Recte;
1068 2685 1118 2734 nisi
1127 2685 1214 2734 Livius
1224 2699 1365 2736 nnmerum

255 2747 396 2798 totrrudnm
407 2755 453 2798 aut
464 2749 528 2799 alica
542 2758 659 2800 auctorat
670 2759 777 2802 secutus
785 2750 845 2798 eat!
862 2750 1032 2813 Ruperti-18
1047 2750 1102 2800 ‘Ar
1111 2750 1158 2800 aiii
1169 2752 1269 2814 quiaque
1279 2755 1365 2814 depas-

255 2827 307 2860 cere
323 2811 649 2874 praedestinaturum
665 2816 741 2862 beant
757 2814 901 2874 cupiendum.
922 2815 982 2862 Dux
999 2823 1052 2864 cet.
1069 2813 1134 2862 bene
1151 2815 1221 2877 conj.
1241 2815 1365 2866 Pernen.

256 2875 308 2924 Sed
322 2890 369 2938 pro
381 2876 509 2925 alterutro
519 2893 548 2924 ue
558 2879 608 2938 teg.
620 2883 652 2926 et.
679 2877 827 2940 Utrobique
839 2875 935 2936 frigere
946 2877 1024 2927 rerba
1035 2879 1067 2925 nd
1076 2880 1148 2928 marn
1159 2893 1212 2940 cap.
1224 2887 1252 2927 et
1263 2883 1363 2942 glossa-

256 2941 308 2990 tori
321 2941 456 2991 triturante
468 2949 542 3002 pritat
556 2943 651 2991 Bauer.
681 2943 743 2991 btox
754 2942 879 3004 aruspicari
893 2943 987 3004 pomis:
1005 2941 1122 3006 principio
1129 2943 1201 2992 bum
1211 2949 1364 2994 umbrant

255 3004 354 3064 etoittit,
365 3005 449 3052 driade
460 3004 566 3066 equites:
581 3009 698 3067 postremo
707 3005 813 3064 conierto
824 3005 919 3065 agmine
931 3040 938 3053 .
948 3039 954 3053 .
965 3041 971 3054 .
983 3012 1005 3054 et
1019 3007 1144 3054 instructis
1158 3007 1292 3068 legionibus
1353 3037 1362 3048 -

256 3067 328 3117 redu.
341 3101 349 3116 .
361 3101 368 3116 .
382 3101 390 3116 .
402 3069 467 3119 Quia
486 3066 556 3117 tarra
573 3071 654 3130 poaait
670 3069 774 3118 dimittit
790 3069 832 3118 ael
849 3069 957 3118 demittit
969 3103 976 3118 .
987 3103 994 3118 .
1006 3105 1014 3118 .
1025 3070 1102 3120 mittit
1115 3103 1123 3120 .
1135 3104 1141 3118 .
1154 3105 1161 3120 .
1174 3072 1259 3120 nune
1320 3073 1362 3122 ine

251 3131 309 3243 {rm
321 3132 403 3182 Grou.
413 3139 441 3182 et
449 3133 544 3182 Bauer.
554 3133 691 3182 delendum
704 3140 827 3198 poterunt
837 3133 951 3197 dimittit,
961 3141 1007 3184 aut
1015 3135 1065 3197 leg.
1072 3133 1158 3184 mittit
1171 3149 1217 3183 aeu
1230 3135 1362 3187 mutuo:

283 3203 366 3262 opert.

753 3291 861 3346 NOTAE

287 3397 300 3422 Ι
318 3390 427 3452 Quinque
444 3390 522 3438 mittin
535 3393 667 3440 mudantur
681 3391 786 3453 peditura
827 3391 872 3454 tit]
890 3389 964 3438 Alias
979 3390 1091 3440 dimitti.
1129 3388 1236 3440 tmen·
1256 3403 1362 3441 nortae·

255 3464 414 3528 equitemque]
421 3464 545 3528 Polybius
553 3467 707 3530 quingentos
715 3467 785 3532 cqui-
828 3465 892 3514 tioni
902 3465 1038 3526 Gronovii,
1049 3465 1093 3529 qni
1106 3465 1195 3514 delata
1206 3465 1291 3528 prima
1302 3467 1362 3518 lite·
1448 3507 1449 3536 ,

256 3549 297 3589 tea
308 3548 392 3596 notat,
404 3547 433 3588 ut
445 3539 541 3590 fuerint
561 3546 662 3605 pedites
677 3552 787 3607 quatuor
827 3555 855 3590 ra
866 3551 955 3591 censet
974 3541 1137 3591 scribendum
1153 3542 1258 3591 emittit:
1276 3555 1362 3607 neque

255 3613 337 3664 millia
346 3616 489 3679 quingenti.
826 3617 895 3667 anian
906 3624 1017 3681 apparet
1028 3619 1169 3670 bitinacium
1179 3618 1361 3682 locotopario·

288 3699 301 3723 ⁰
316 3691 358 3740 Aa
378 3705 446 3740 arara
459 3691 540 3754 meat]
556 3694 632 3743 Dixit
646 3701 722 3751 ucat,
739 3709 786 3759 pro
827 3708 856 3745 ra
867 3703 953 3746 castra
965 3696 1095 3756 babuisse,
1105 3703 1133 3744 at
1146 3695 1210 3743 toria
1228 3703 1360 3744 amatam

256 3781 289 3817 eo
302 3767 369 3830 qood
381 3777 431 3830 eat,
442 3767 474 3817 ad
486 3782 557 3818 arma
569 3772 720 3834 proclamat,
730 3771 786 3822 aive
826 3772 853 3822 iu
862 3774 980 3836 planiora
991 3771 1092 3822 demitti
1106 3785 1136 3819 ac
1144 3770 1306 3820 descendere
1316 3771 1359 3818 da-

256 3841 424 3893 vociierando
439 3843 519 3908 jobet
539 3861 611 3896 arma
631 3847 706 3909 capi:
725 3847 786 3896 alio·
827 3849 917 3900 bereti
936 3848 1076 3913 quinetiam
1088 3859 1200 3910 agnosco
1213 3847 1277 3894 illud
1297 3861 1359 3910 quo·
1447 3871 1448 3889 r

256 3922 318 3984 qula
341 3920 478 3970 delendum
500 3924 552 3973 erit
576 3923 638 3973 iilud
662 3923 735 3985 inter,
757 3934 786 3974 nt
827 3939 877 3990 qne
904 3925 993 3973 emittit
1016 3923 1190 3972 nmeasarium
1214 3935 1267 3970 non
1284 3935 1359 3978 asser

254 3995 419 4061 intelligatur
446 3998 577 4050 Minucius
605 3999 784 4049 stolidissimos
826 4007 915 4063 potest
932 3999 1001 4049 enim
1022 4001 1071 4048 boc
1087 3998 1229 4046 membrum
1251 4011 1302 4046 non
1323 3999 1358 4046 in·

258 4083 372 4136 quosque
391 4081 417 4122 et
430 4073 602 4124 ferocissimos
617 4075 650 4124 ad
660 4087 732 4123 arma
742 4089 786 4123 ac·
827 4075 961 4125 commodo
974 4074 1027 4137 regi
1040 4091 1055 4122 a
1066 4071 1197 4136 aaquemi,
1206 4073 1284 4122 nteit
1293 4073 1358 4134 qni-

258 4157 342 4195 catae.
827 4158 871 4203 tea.

292 4229 306 4262 Ρ
321 4222 407 4273 Lenem
422 4230 565 4274 murata
576 4226 679 4275 dimittit
689 4224 787 4289 [demit
859 4235 871 4271 u
888 4227 1080 4289 Pmoeeapataat
1089 4224 1204 4285 tafnim
1216 4227 1267 4274 toan
1281 4237 1356 4277 tur·
1446 4179 1447 4192 ἵ
