2917 4767
475 442 548 490 nra.
572 440 686 490 xxiv,
710 442 792 491 cac.
813 428 868 490 42.
1129 428 1214 493 2061

94 586 206 668 quin,
219 583 285 648 nisi
299 604 341 648 ea
355 604 450 650 mora
464 586 704 664 intervenisset,
721 595 832 653 castra
853 608 894 653 eo
919 588 973 653 die
988 588 1121 652 Punica
1136 590 1214 671 capi

93 678 296 769 potuerint.
340 686 420 751 inm
432 695 456 733 ¹⁵
470 706 536 750 non
552 688 676 751 milites
696 690 814 771 solum,
836 691 895 756 sed
920 692 1095 774 elephanti
1112 692 1213 754 etiam

94 806 226 871 usqne
241 789 284 852 ad
299 789 425 853 vallum
446 791 512 853 acti
530 799 634 866 mant,
658 811 824 874 superque
847 790 941 876 ipso¹
963 812 1081 856 novem
1104 798 1138 857 et
1159 793 1214 856 tri·

94 891 207 971 ginta
230 889 401 972 elephanti
416 891 497 972 pilis
512 890 648 955 confixi.
692 893 773 957 Hoc
789 913 920 977 quoque
935 892 1053 976 praelio
1067 892 1109 957 ad
1130 892 1212 958 duo-

95 990 223 1055 decim
248 992 357 1056 millia
381 992 549 1055 bominum
576 991 731 1058 dicuntur
755 1013 860 1071 caesa,
885 1013 990 1077 prope
1012 996 1075 1060 tria
1099 1001 1213 1077 capla,

95 1112 189 1158 cum
206 1094 311 1175 signis
324 1094 525 1171 militaribus
541 1102 671 1176 septem
687 1104 720 1158 et
734 1096 985 1179 quinquaginta.
1017 1095 1074 1161 Ad
1087 1096 1212 1161 Aurin-

97 1190 199 1275 gen*
223 1194 300 1259 inde
321 1197 438 1259 urbem
458 1194 561 1260 Poeni
585 1215 775 1276 recessere;
796 1206 843 1277 et,
867 1207 905 1263 ut
924 1199 1042 1263 territis
1062 1201 1212 1277 instaret,

97 1302 253 1358 secutus
274 1294 461 1361 Romanus.
504 1295 561 1361 Ibi
582 1297 701 1361 iterum
724 1299 843 1383 Scipio
868 1302 1023 1365 lecticula
1044 1302 1078 1364 in
1105 1302 1212 1365 aciem

96 1396 224 1459 illatus
238 1397 407 1461 conflixit:
430 1416 494 1462 nee
518 1398 621 1462 dubia
640 1400 782 1464 victoria
803 1400 884 1466 snit:
907 1404 1017 1467 minus
1034 1407 1144 1467 lamen
1159 1403 1212 1466 di·

96 1498 216 1561 midio
230 1497 386 1575 bostium,
409 1518 512 1581 quam
534 1508 645 1574 antea,
672 1502 754 1581 quia
777 1503 954 1584 pauciores
971 1503 1211 1587 superfuerant,

97 1597 168 1680 qni
185 1603 379 1679 pugnarent,
395 1599 556 1662 occisum.
602 1598 669 1662 Sed
686 1620 766 1681 gens
782 1610 862 1667 nata
875 1604 1099 1669 instaurandis
1116 1623 1211 1685 repa·

97 1697 291 1781 randisque
306 1698 416 1776 bellis,
439 1696 587 1780 Magone
612 1698 656 1763 ad
676 1703 954 1784 conquisitionem
975 1700 1130 1767 militum¹
1145 1702 1210 1766 sra-

99 1804 157 1862 tre
168 1798 195 1838 ¹⁶
207 1800 322 1877 misso,
331 1801 428 1865 brevi
443 1800 587 1884 replevit
601 1803 796 1881 exercitum,
809 1805 1005 1887 animosque
1022 1804 1065 1867 ad
1082 1808 1211 1867 tentan-

569 1982 752 2003 Ommo

139 2114 172 2159 1⁵
191 2110 265 2158 Enisa
276 2109 376 2159 addunt
387 2112 454 2161 Edd.
468 2119 528 2161 ants
539 2112 724 2163 cronon-iti
739 2114 747 2141 ‘
760 2112 877 2163 Primum
895 2114 989 2177 legenti
1001 2114 1062 2163 milri
1073 2112 1209 2163 videbatur

100 2174 313 2237 legendumne
330 2175 446 2236 esurire,
465 2176 534 2238 quod
544 2182 572 2224 et
583 2178 646 2225 siris
657 2176 741 2226 doctis
752 2178 906 2241 jamdudum
918 2178 1008 2233 risum,
1019 2184 1044 2227 et
1059 2192 1073 2225 a
1087 2179 1210 2241 Doujatio

99 2241 174 2288 adeo
186 2248 319 2301 receptum
331 2239 416 2294 rideo,
434 2241 505 2288 nnita
526 2248 611 2290 tamen
627 2240 750 2289 librorum
768 2244 940 2292 auctoritate:
958 2243 1052 2291 deiude
1065 2257 1092 2291 re
1105 2256 1210 2293 accura-

100 2305 159 2352 tius
171 2304 328 2363 examinata,
342 2304 431 2352 melius
448 2304 551 2367 quidem
565 2305 688 2368 putabam
704 2307 726 2354 si
739 2304 877 2355 adderetur
890 2308 1046 2369 propositio,
1058 2319 1108 2354 nou
1122 2312 1208 2355 tamen

100 2368 289 2416 necessarium.
323 2368 422 2429 Magno
433 2370 566 2419 Gronovio
578 2369 686 2434 aliisque
704 2372 765 2419 viris
778 2370 861 2420 doctis
872 2370 958 2421 tranei
970 2370 1030 2426 t'nit,
1050 2371 1118 2435 quod
1132 2386 1208 2420 roes·

100 2432 196 2479 bulum
214 2446 274 2491 gesa
297 2446 434 2494 perperam
454 2434 639 2495 intelligerent.
681 2434 743 2484 Non
760 2434 829 2483 enim
849 2436 979 2498 siguificat
999 2437 1024 2483 lr.
1047 2436 1065 2484 l.
1083 2435 1209 2485 Punicam

100 2503 221 2557 gentem,
231 2508 277 2543 sea
289 2498 412 2558 populum
424 2496 673 2558 Cartbaglniensem,
690 2499 736 2547 sed
744 2504 841 2559 gentem
851 2500 992 2561 Barcinam,
1002 2500 1096 2547 tratres
1109 2500 1209 2549 Hanni·

99 2560 201 2613 balem,
221 2558 421 2619 Hasdrubalem,
432 2569 459 2609 et
470 2562 619 2622 Magonem,
631 2562 787 2611 Hamilcaris
798 2562 877 2610 filios:
895 2563 929 2611 de
946 2577 995 2626 qna
1007 2572 1086 2624 gente
1105 2571 1133 2611 et
1150 2578 1208 2625 sup.

100 2622 168 2673 Lib.
177 2636 236 2671 ιιι.
248 2638 306 2687 cap.
318 2629 357 2673 ill.
373 2624 494 2673 dixerat:
512 2628 520 2652 ‘
532 2639 581 2673 nec
593 2640 704 2687 unquam
716 2627 801 2674 donec
814 2626 944 2688 sauguinis
964 2627 1126 2687 nominisque
1144 2628 1209 2675 Bar·

101 2688 590 2816 attriturtittilui‘ttt
606 2688 1208 2817 iti:'drftitztmltltltttlt'illc

473 2787 480 2800 ·
503 2788 510 2802 ·
589 2786 597 2812 s
1201 2789 1209 2815 s

100 2816 172 2865 laresi
182 2817 281 2878 replecs‘t
291 2788 572 2880 carolicastrensem
582 2816 644 2876 fecit
655 2820 710 2866 scil.
723 2818 867 2867 exercitui:
888 2819 999 2880 replevit
1010 2826 1096 2867 autem
1108 2820 1209 2867 exerci-

102 2888 171 2935 tum,
182 2880 243 2929 dum
261 2896 327 2929 anas
342 2880 450 2930 fratrum
470 2882 549 2941 Mago
566 2882 716 2931 mitteretur
727 2882 760 2932 sd
772 2882 985 2945 conquisitionem
998 2882 1117 2931 militum.
1149 2883 1209 2931 Hac

102 2946 175 2992 euim
188 2945 321 2994 sententia
332 2952 404 2994 recta
415 2944 466 2992 dici
479 2958 553 3006 posse
565 2955 644 3005 puto:
661 2961 721 3005 gesa
730 2979 737 2993 .
746 2978 754 2993 .
764 2946 857 3004 ·sratrs
867 2948 947 3003 misso,
958 2947 1057 3009 repleuit
1069 2946 1208 2995 attritam.

101 3008 144 3057 Ut
156 3020 243 3057 tamen
255 3011 346 3058 melius
358 3017 485 3073 putarem,
504 3010 526 3055 si
544 3008 683 3058 adderetur
701 3010 861 3071 praepositio,
873 3010 1014 3075 disjunctio
1026 3010 1208 3059 uocabulorum

103 3072 346 3134 Magone...srctrc
364 3072 452 3123 efficit.
494 3074 613 3137 Namque
632 3074 748 3131 sisralre
767 3074 828 3122 nibil
846 3074 891 3121 nisi
910 3074 1039 3137 appositio
1050 3074 1093 3121 τοῦ
1104 3075 1209 3136 Magone

102 3146 185 3201 esset,
203 3138 305 3187 Litium
324 3138 410 3202 potius
421 3138 523 3201 janctis
544 3138 650 3188 uocibus
666 3138 772 3200 Magone
781 3136 864 3197 fratrs
874 3140 906 3187 ad
916 3153 998 3201 couqa·
1008 3139 1057 3189 mli.
1067 3153 1100 3187 ιιι.
1111 3139 1208 3189 dixisse

598 3282 706 3333 Nom

136 3380 283 3443 ‘Superque
298 3378 360 3443 ipss]
376 3380 460 3443 Super
474 3378 553 3428 Vallo
568 3377 635 3427 seili-
677 3391 752 3442 qaam
769 3376 877 3427 Munda.
909 3378 1208 3441 Benteraigitnrliben-

103 3461 160 3516 eet,
172 3469 218 3504 seu
230 3456 261 3504 ad
273 3456 385 3505 Vallum.
677 3452 728 3501 tias
746 3452 899 3501 accesserim
916 3452 956 3502 eui
974 3452 1074 3503 Aurios
1095 3461 1135 3503 est
1152 3455 1207 3503 Mo·

136 3530 149 3565 ¹¹
166 3532 208 3581 Ad
225 3533 361 3596 Asrisges]
380 3531 491 3588 Aurius,
510 3532 564 3581 sire
583 3532 635 3581 Αιι-
676 3542 729 3589 rsa,
741 3528 809 3577 iuter
820 3527 947 3578 Mundam
963 3536 991 3579 et
1007 3527 1146 3593 Hispalim.
1172 3531 1206 3583 V.

103 3608 165 3671 rigi,
186 3615 216 3657 ut
239 3609 267 3657 in
292 3606 403 3672 antiquis
427 3606 637 3671 inscriptionibus
676 3603 721 3654 lib.
734 3608 909 3654 nuncet.

103 3690 224 3740 vocatur,
240 3682 347 3732 Baticae
366 3681 426 3731 urbs
447 3680 499 3731 t'ait
516 3682 572 3730 sine
589 3681 637 3732 dn·
709 3680 716 3713 ¹
732 3681 837 3742 Magnae
853 3684 884 3731 ad
894 3682 1086 3745 concubiturum
1095 3684 1208 3748 millum]

103 3760 165 3809 blo:
188 3774 238 3823 qus
255 3758 282 3806 in
299 3764 374 3821 parta
392 3755 483 3817 inerit,
500 3756 637 3807 incertum.
676 3757 778 3808 sicum
795 3757 981 3820 praepositione
997 3757 1137 3816 scribatur,
1150 3758 1207 3805 Ma·

104 3836 194 3885 Clusio
212 3842 241 3883 et
255 3833 376 3882 Floriano
394 3838 436 3881 est
451 3832 544 3892 Ariona
557 3834 637 3896 juxta
673 3847 736 3893 gons
751 3833 784 3880 ad
799 3832 992 3894 conquisitionem
1006 3832 1110 3880 militum
1125 3848 1140 3879 a
1150 3832 1207 3889 sra-

103 3912 188 3963 isin:
209 3911 333 3959 Marianae
351 3910 436 3973 ipsum
451 3908 523 3964 Jairc,
540 3909 566 3956 in
582 3908 636 3957 An·
675 3912 713 3955 tre
723 3907 809 3953 misso:
825 3905 988 3968 intelligetur
1000 3903 1088 3954 fratris
1104 3906 1207 3954 nomine

104 3983 354 4034 dalusiaOrientali.
380 3981 524 4031 Vernmbls
533 3981 636 4033 obstare
677 3980 825 4032 Hasdrubal
839 3980 993 4030 Hamilcaris
1002 3980 1083 4029 filins:
1101 3982 1207 4045 etquod

105 4062 210 4111 ridetur
225 4058 294 4123 quod
307 4059 382 4107 Poenl
398 4074 414 4107 a
429 4056 530 4109 Munda
542 4057 637 4109 Anriu·
676 4056 800 4121 sequitur,
812 4056 877 4106 breui
893 4057 991 4120 replerit
1004 4056 1141 4114 medians,
1156 4072 1207 4108 noa

105 4152 156 4202 gen
177 4136 315 4186 recessisse
332 4135 472 4196 dicuutur;
493 4136 587 4198 idest,
609 4136 635 4185 iu
675 4136 839 4185 incommode
859 4133 989 4185 referetur
1009 4136 1041 4185 ad
1063 4136 1206 4200 superiora,

103 4212 231 4264 ulteriora
247 4210 381 4274 Hispaniae
395 4210 506 4260 abiisse:
523 4211 580 4261 hae
591 4227 635 4261 sn·
672 4227 734 4273 gens
757 4218 815 4265 nata
841 4212 1002 4263 instaurandis
1025 4214 1205 4278 reparandisque

105 4298 157 4343 tern
168 4290 225 4341 loca
236 4288 359 4353 propiora
369 4286 484 4339 citeriori
497 4286 633 4353 Hispaniae
675 4288 750 4339 tallia
