<?xml version="1.0" encoding="UTF-8"?>
<!DOCTYPE html PUBLIC "-//W3C//DTD XHTML 1.0 Transitional//EN"
    "http://www.w3.org/TR/xhtml1/DTD/xhtml1-transitional.dtd">
<html xmlns="http://www.w3.org/1999/xhtml" xml:lang="en" lang="en">
 <head>
  <title>
</title>
<meta http-equiv="Content-Type" content="text/html;charset=utf-8" />
  <meta name='ocr-system' content='tesseract 3.04.00' />
  <meta name='ocr-capabilities' content='ocr_page ocr_carea ocr_par ocr_line ocrx_word'/>
</head>
<body>
  <div class='ocr_page' id='page_1' title='image "./tliviipatavinih00unkngoog/tliviipatavinih00unkngoog_0610.png"; bbox 0 0 2917 4767; ppageno 0'>
   <div class='ocr_carea' id='block_1_1' title="bbox 243 368 866 437">
    <p class='ocr_par' dir='ltr' id='par_1_1' title="bbox 243 368 866 437">
     <span class='ocr_line' id='line_1_1' title="bbox 243 368 866 437; baseline -0.013 0"><span class='ocrx_word' id='word_1_1' title='bbox 243 368 331 437; x_wconf 81' lang='lat' dir='ltr'>issa</span> <span class='ocrx_word' id='word_1_2' title='bbox 714 384 749 431; x_wconf 83' lang='lat' dir='ltr'>r.</span> <span class='ocrx_word' id='word_1_3' title='bbox 774 382 866 432; x_wconf 81' lang='lat' dir='ltr'>ervu</span> 
     </span>
    </p>
   </div>
   <div class='ocr_carea' id='block_1_2' title="bbox 171 526 1437 2866">
    <p class='ocr_par' dir='ltr' id='par_1_2' title="bbox 245 526 1355 1021">
     <span class='ocr_line' id='line_1_2' title="bbox 245 526 1351 617; baseline -0.005 -19"><span class='ocrx_word' id='word_1_4' title='bbox 245 531 415 617; x_wconf 77' lang='lat' dir='ltr'>praesidio.</span> <span class='ocrx_word' id='word_1_5' title='bbox 459 528 580 612; x_wconf 86' lang='lat' dir='ltr'>Itaque</span> <span class='ocrx_word' id='word_1_6' title='bbox 595 526 728 609; x_wconf 77' lang='lat' dir='ltr'>Rhegio</span> <span class='ocrx_word' id='word_1_7' title='bbox 749 527 924 610; x_wconf 86' lang='lat' dir='ltr'>extemplo</span> <span class='ocrx_word' id='word_1_8' title='bbox 945 528 1140 591; x_wconf 84' lang='lat' dir='ltr'>abscessum</span> <span class='ocrx_word' id='word_1_9' title='bbox 1162 534 1240 592; x_wconf 66' lang='lat' dir='ltr'>est!</span> <span class='ocrx_word' id='word_1_10' title='bbox 1287 529 1351 592; x_wconf 83' lang='lat' dir='ltr'>Lo·</span> 
     </span>
     <span class='ocr_line' id='line_1_3' title="bbox 246 629 1352 715; baseline -0.006 -16"><span class='ocrx_word' id='word_1_11' title='bbox 246 633 416 699; x_wconf 73' lang='lat' dir='ltr'>oeensibus</span> <span class='ocrx_word' id='word_1_12' title='bbox 426 631 527 715; x_wconf 86' lang='lat' dir='ltr'>jussu</span> <span class='ocrx_word' id='word_1_13' title='bbox 543 629 748 694; x_wconf 77' lang='lat' dir='ltr'>Hannibalis</span> <span class='ocrx_word' id='word_1_14' title='bbox 762 630 842 694; x_wconf 86' lang='lat' dir='ltr'>data</span> <span class='ocrx_word' id='word_1_15' title='bbox 853 648 935 713; x_wconf 84' lang='lat' dir='ltr'>pax,</span> <span class='ocrx_word' id='word_1_16' title='bbox 951 634 1008 693; x_wconf 89' lang='lat' dir='ltr'>‘ut</span> <span class='ocrx_word' id='word_1_17' title='bbox 1021 630 1113 693; x_wconf 90' lang='lat' dir='ltr'>liberi</span> <span class='ocrx_word' id='word_1_18' title='bbox 1130 630 1205 693; x_wconf 90' lang='lat' dir='ltr'>suis</span> <span class='ocrx_word' id='word_1_19' title='bbox 1217 631 1352 711; x_wconf 84' lang='lat' dir='ltr'>legibus</span> 
     </span>
     <span class='ocr_line' id='line_1_4' title="bbox 246 731 1354 816; baseline -0.005 -16"><span class='ocrx_word' id='word_1_20' title='bbox 246 738 413 800; x_wconf 85' lang='lat' dir='ltr'>viverent:</span> <span class='ocrx_word' id='word_1_21' title='bbox 436 733 516 798; x_wconf 91' lang='lat' dir='ltr'>urbs</span> <span class='ocrx_word' id='word_1_22' title='bbox 532 738 663 816; x_wconf 84' lang='lat' dir='ltr'>pateret</span> <span class='ocrx_word' id='word_1_23' title='bbox 687 731 819 809; x_wconf 87' lang='lat' dir='ltr'>Poenis,</span> <span class='ocrx_word' id='word_1_24' title='bbox 840 740 978 814; x_wconf 77' lang='lat' dir='ltr'>portuse</span> <span class='ocrx_word' id='word_1_25' title='bbox 1004 732 1039 796; x_wconf 90' lang='lat' dir='ltr'>in</span> <span class='ocrx_word' id='word_1_26' title='bbox 1059 738 1266 815; x_wconf 89' lang='lat' dir='ltr'>potestatem</span> <span class='ocrx_word' id='word_1_27' title='bbox 1286 732 1354 796; x_wconf 76' lang='lat' dir='ltr'>Lo</span> 
     </span>
     <span class='ocr_line' id='line_1_5' title="bbox 247 833 1355 917; baseline -0.007 -14"><span class='ocrx_word' id='word_1_28' title='bbox 247 835 438 903; x_wconf 87' lang='lat' dir='ltr'>crensium⁶</span> <span class='ocrx_word' id='word_1_29' title='bbox 453 842 565 901; x_wconf 86' lang='lat' dir='ltr'>esset:</span> <span class='ocrx_word' id='word_1_30' title='bbox 588 834 735 899; x_wconf 82' lang='lat' dir='ltr'>societas</span> <span class='ocrx_word' id='word_1_31' title='bbox 748 853 790 898; x_wconf 93' lang='lat' dir='ltr'>eo</span> <span class='ocrx_word' id='word_1_32' title='bbox 799 833 877 917; x_wconf 87' lang='lat' dir='ltr'>jure</span> <span class='ocrx_word' id='word_1_33' title='bbox 893 839 1005 911; x_wconf 88' lang='lat' dir='ltr'>staret,</span> <span class='ocrx_word' id='word_1_34' title='bbox 1015 842 1052 897; x_wconf 91' lang='lat' dir='ltr'>nt</span> <span class='ocrx_word' id='word_1_35' title='bbox 1061 834 1193 897; x_wconf 90' lang='lat' dir='ltr'>Poeuus</span> <span class='ocrx_word' id='word_1_36' title='bbox 1206 834 1355 898; x_wconf 87' lang='lat' dir='ltr'>Locren·</span> 
     </span>
     <span class='ocr_line' id='line_1_6' title="bbox 247 934 1198 1021; baseline -0.004 -18"><span class='ocrx_word' id='word_1_37' title='bbox 247 959 328 1015; x_wconf 87' lang='lat' dir='ltr'>sem,</span> <span class='ocrx_word' id='word_1_38' title='bbox 343 938 590 1021; x_wconf 79' lang='lat' dir='ltr'>Locrensisque</span> <span class='ocrx_word' id='word_1_39' title='bbox 604 936 761 1013; x_wconf 88' lang='lat' dir='ltr'>Poenum,</span> <span class='ocrx_word' id='word_1_40' title='bbox 778 954 864 1019; x_wconf 86' lang='lat' dir='ltr'>pace</span> <span class='ocrx_word' id='word_1_41' title='bbox 879 955 920 1000; x_wconf 91' lang='lat' dir='ltr'>ac</span> <span class='ocrx_word' id='word_1_42' title='bbox 931 935 1025 999; x_wconf 91' lang='lat' dir='ltr'>bello</span> <span class='ocrx_word' id='word_1_43' title='bbox 1036 934 1198 1019; x_wconf 66' lang='lat' dir='ltr'>juraret!</span> 
     </span>
    </p>

    <p class='ocr_par' dir='ltr' id='par_1_3' title="bbox 171 1031 1437 2866">
     <span class='ocr_line' id='line_1_7' title="bbox 290 1031 1354 1121; baseline -0.002 -18"><span class='ocrx_word' id='word_1_44' title='bbox 290 1038 324 1103; x_wconf 65' lang='grc' dir='ltr'>Σ).</span> <span class='ocrx_word' id='word_1_45' title='bbox 347 1040 406 1105; x_wconf 89' lang='lat' dir='ltr'>Sic</span> <span class='ocrx_word' id='word_1_46' title='bbox 416 1058 439 1103; x_wconf 90' lang='lat' dir='ltr'>a</span> <span class='ocrx_word' id='word_1_47' title='bbox 449 1039 536 1104; x_wconf 85' lang='lat' dir='ltr'>freto</span> <span class='ocrx_word' id='word_1_48' title='bbox 549 1040 563 1077; x_wconf 71' lang='lat'><em>⁴</em></span> <span class='ocrx_word' id='word_1_49' title='bbox 575 1040 675 1104; x_wconf 86' lang='lat' dir='ltr'>Poeni</span> <span class='ocrx_word' id='word_1_50' title='bbox 694 1031 834 1112; x_wconf 74' lang='lat' dir='ltr'>rbdncti</span> <span class='ocrx_word' id='word_1_51' title='bbox 851 1037 1069 1103; x_wconf 83' lang='lat' dir='ltr'>frementibus</span> <span class='ocrx_word' id='word_1_52' title='bbox 1085 1039 1248 1116; x_wconf 84' lang='lat' dir='ltr'>Bruttiis,</span> <span class='ocrx_word' id='word_1_53' title='bbox 1263 1036 1354 1121; x_wconf 91' lang='lat' dir='ltr'>quod</span> 
     </span>
     <span class='ocr_line' id='line_1_8' title="bbox 249 1140 1354 1225; baseline -0.008 -15"><span class='ocrx_word' id='word_1_54' title='bbox 249 1144 417 1225; x_wconf 77' lang='lat' dir='ltr'>Rhegium</span> <span class='ocrx_word' id='word_1_55' title='bbox 432 1161 473 1207; x_wconf 90' lang='lat' dir='ltr'>ac</span> <span class='ocrx_word' id='word_1_56' title='bbox 484 1141 623 1218; x_wconf 86' lang='lat' dir='ltr'>Locros,</span> <span class='ocrx_word' id='word_1_57' title='bbox 632 1160 717 1223; x_wconf 88' lang='lat' dir='ltr'>quas</span> <span class='ocrx_word' id='word_1_58' title='bbox 728 1140 827 1203; x_wconf 87' lang='lat' dir='ltr'>nrbes</span> <span class='ocrx_word' id='word_1_59' title='bbox 838 1140 1025 1221; x_wconf 83' lang='lat' dir='ltr'>direpturos</span> <span class='ocrx_word' id='word_1_60' title='bbox 1037 1158 1074 1203; x_wconf 89' lang='lat' dir='ltr'>se</span> <span class='ocrx_word' id='word_1_61' title='bbox 1086 1140 1354 1215; x_wconf 80' lang='lat' dir='ltr'>destinaverant,</span> 
     </span>
     <span class='ocr_line' id='line_1_9' title="bbox 249 1241 1356 1328; baseline -0.006 -17"><span class='ocrx_word' id='word_1_62' title='bbox 249 1247 395 1311; x_wconf 85' lang='lat' dir='ltr'>intactas</span> <span class='ocrx_word' id='word_1_63' title='bbox 410 1246 633 1328; x_wconf 86' lang='lat' dir='ltr'>reliquissent.</span> <span class='ocrx_word' id='word_1_64' title='bbox 676 1243 799 1325; x_wconf 86' lang='lat' dir='ltr'>Itaque</span> <span class='ocrx_word' id='word_1_65' title='bbox 811 1262 869 1326; x_wconf 87' lang='lat' dir='ltr'>per</span> <span class='ocrx_word' id='word_1_66' title='bbox 883 1262 920 1305; x_wconf 87' lang='lat' dir='ltr'>se</span> <span class='ocrx_word' id='word_1_67' title='bbox 934 1241 1014 1324; x_wconf 88' lang='lat' dir='ltr'>ipsi,</span> <span class='ocrx_word' id='word_1_68' title='bbox 1028 1243 1232 1324; x_wconf 78' lang='lat' dir='ltr'>conscriptis</span> <span class='ocrx_word' id='word_1_69' title='bbox 1248 1261 1356 1305; x_wconf 85' lang='lat' dir='ltr'>arma·</span> 
     </span>
     <span class='ocr_line' id='line_1_10' title="bbox 249 1342 1355 1430; baseline -0.006 -17"><span class='ocrx_word' id='word_1_70' title='bbox 249 1350 359 1429; x_wconf 81' lang='lat' dir='ltr'>iisque</span> <span class='ocrx_word' id='word_1_71' title='bbox 376 1346 562 1430; x_wconf 84' lang='lat' dir='ltr'>juventutis</span> <span class='ocrx_word' id='word_1_72' title='bbox 591 1364 664 1410; x_wconf 82' lang='lat' dir='ltr'>snae</span> <span class='ocrx_word' id='word_1_73' title='bbox 690 1344 887 1427; x_wconf 88' lang='lat' dir='ltr'>quindecim</span> <span class='ocrx_word' id='word_1_74' title='bbox 912 1342 1076 1419; x_wconf 63' lang='lat' dir='ltr'>millibus</span> <span class='ocrx_word' id='word_1_75' title='bbox 1102 1342 1146 1407; x_wconf 90' lang='lat' dir='ltr'>ad</span> <span class='ocrx_word' id='word_1_76' title='bbox 1171 1342 1355 1407; x_wconf 82' lang='lat' dir='ltr'>Crotonem</span> 
     </span>
     <span class='ocr_line' id='line_1_11' title="bbox 251 1444 1357 1532; baseline -0.004 -20"><span class='ocrx_word' id='word_1_77' title='bbox 251 1448 509 1532; x_wconf 86' lang='lat' dir='ltr'>oppugnandum</span> <span class='ocrx_word' id='word_1_78' title='bbox 535 1454 675 1529; x_wconf 82' lang='lat' dir='ltr'>pergunt</span> <span class='ocrx_word' id='word_1_79' title='bbox 701 1445 772 1526; x_wconf 89' lang='lat' dir='ltr'>ire;</span> <span class='ocrx_word' id='word_1_80' title='bbox 803 1444 956 1509; x_wconf 78' lang='lat' dir='ltr'>Graecam</span> <span class='ocrx_word' id='word_1_81' title='bbox 979 1453 1013 1509; x_wconf 90' lang='lat' dir='ltr'>et</span> <span class='ocrx_word' id='word_1_82' title='bbox 1033 1445 1143 1527; x_wconf 89' lang='lat' dir='ltr'>ipsam</span> <span class='ocrx_word' id='word_1_83' title='bbox 1166 1447 1301 1523; x_wconf 89' lang='lat' dir='ltr'>urbem,</span> <span class='ocrx_word' id='word_1_84' title='bbox 1322 1453 1357 1509; x_wconf 88' lang='lat' dir='ltr'>et</span> 
     </span>
     <span class='ocr_line' id='line_1_12' title="bbox 250 1547 1357 1631; baseline -0.003 -17"><span class='ocrx_word' id='word_1_85' title='bbox 250 1550 468 1615; x_wconf 82' lang='lat' dir='ltr'>maritimam:</span> <span class='ocrx_word' id='word_1_86' title='bbox 490 1548 667 1631; x_wconf 89' lang='lat' dir='ltr'>plurimum</span> <span class='ocrx_word' id='word_1_87' title='bbox 681 1566 894 1611; x_wconf 82' lang='lat' dir='ltr'>accessurum</span> <span class='ocrx_word' id='word_1_88' title='bbox 914 1547 1050 1629; x_wconf 90' lang='lat' dir='ltr'>opibus,</span> <span class='ocrx_word' id='word_1_89' title='bbox 1073 1548 1102 1611; x_wconf 90' lang='lat' dir='ltr'>si</span> <span class='ocrx_word' id='word_1_90' title='bbox 1122 1548 1157 1610; x_wconf 88' lang='lat' dir='ltr'>in</span> <span class='ocrx_word' id='word_1_91' title='bbox 1176 1566 1240 1611; x_wconf 88' lang='lat' dir='ltr'>ora</span> <span class='ocrx_word' id='word_1_92' title='bbox 1257 1548 1357 1611; x_wconf 84' lang='lat' dir='ltr'>maris</span> 
     </span>
     <span class='ocr_line' id='line_1_13' title="bbox 251 1648 1355 1733; baseline -0.004 -18"><span class='ocrx_word' id='word_1_93' title='bbox 251 1653 369 1716; x_wconf 88' lang='lat' dir='ltr'>urbem</span> <span class='ocrx_word' id='word_1_94' title='bbox 384 1656 482 1733; x_wconf 88' lang='lat' dir='ltr'>portu</span> <span class='ocrx_word' id='word_1_95' title='bbox 505 1669 546 1714; x_wconf 91' lang='lat' dir='ltr'>ac</span> <span class='ocrx_word' id='word_1_96' title='bbox 566 1650 735 1713; x_wconf 87' lang='lat' dir='ltr'>moenibus</span> <span class='ocrx_word' id='word_1_97' title='bbox 755 1649 926 1713; x_wconf 83' lang='lat' dir='ltr'>validem⁷</span> <span class='ocrx_word' id='word_1_98' title='bbox 950 1650 1145 1726; x_wconf 86' lang='lat' dir='ltr'>tenuissent,</span> <span class='ocrx_word' id='word_1_99' title='bbox 1165 1648 1355 1713; x_wconf 87' lang='lat' dir='ltr'>credentes.</span> 
     </span>
     <span class='ocr_line' id='line_1_14' title="bbox 253 1751 1436 1834; baseline -0.003 -17"><span class='ocrx_word' id='word_1_100' title='bbox 253 1752 304 1817; x_wconf 83' lang='lat' dir='ltr'>Ea</span> <span class='ocrx_word' id='word_1_101' title='bbox 326 1770 406 1817; x_wconf 88' lang='lat' dir='ltr'>cura</span> <span class='ocrx_word' id='word_1_102' title='bbox 423 1752 579 1833; x_wconf 83' lang='lat' dir='ltr'>angebat,</span> <span class='ocrx_word' id='word_1_103' title='bbox 599 1752 688 1833; x_wconf 89' lang='lat' dir='ltr'>quod</span> <span class='ocrx_word' id='word_1_104' title='bbox 711 1770 822 1834; x_wconf 85' lang='lat' dir='ltr'>neque</span> <span class='ocrx_word' id='word_1_105' title='bbox 842 1770 905 1815; x_wconf 92' lang='lat' dir='ltr'>non</span> <span class='ocrx_word' id='word_1_106' title='bbox 929 1770 1095 1815; x_wconf 81' lang='lat' dir='ltr'>arcessere</span> <span class='ocrx_word' id='word_1_107' title='bbox 1118 1751 1162 1815; x_wconf 90' lang='lat' dir='ltr'>ad</span> <span class='ocrx_word' id='word_1_108' title='bbox 1186 1752 1356 1816; x_wconf 86' lang='lat' dir='ltr'>auxilium</span> <span class='ocrx_word' id='word_1_109' title='bbox 1435 1804 1436 1825; x_wconf 68' lang='lat'>,</span> 
     </span>
     <span class='ocr_line' id='line_1_15' title="bbox 253 1852 1437 1936; baseline 0.002 -19"><span class='ocrx_word' id='word_1_110' title='bbox 253 1854 381 1918; x_wconf 86' lang='lat' dir='ltr'>Poenos</span> <span class='ocrx_word' id='word_1_111' title='bbox 396 1854 482 1917; x_wconf 88' lang='lat' dir='ltr'>satis</span> <span class='ocrx_word' id='word_1_112' title='bbox 497 1853 676 1931; x_wconf 86' lang='lat' dir='ltr'>audebant,</span> <span class='ocrx_word' id='word_1_113' title='bbox 691 1873 733 1916; x_wconf 90' lang='lat' dir='ltr'>ue</span> <span class='ocrx_word' id='word_1_114' title='bbox 749 1852 830 1936; x_wconf 88' lang='lat' dir='ltr'>quid</span> <span class='ocrx_word' id='word_1_115' title='bbox 850 1874 916 1918; x_wconf 91' lang='lat' dir='ltr'>non</span> <span class='ocrx_word' id='word_1_116' title='bbox 932 1872 993 1935; x_wconf 90' lang='lat' dir='ltr'>pro</span> <span class='ocrx_word' id='word_1_117' title='bbox 1014 1854 1116 1918; x_wconf 89' lang='lat' dir='ltr'>sociis</span> <span class='ocrx_word' id='word_1_118' title='bbox 1134 1854 1249 1935; x_wconf 83' lang='lat' dir='ltr'>egisse</span> <span class='ocrx_word' id='word_1_119' title='bbox 1264 1854 1359 1919; x_wconf 87' lang='lat' dir='ltr'>vide·</span> <span class='ocrx_word' id='word_1_120' title='bbox 1436 1883 1437 1903; x_wconf 59' lang='lat'>1</span> 
     </span>
     <span class='ocr_line' id='line_1_16' title="bbox 253 1953 1358 2039; baseline -0.002 -20"><span class='ocrx_word' id='word_1_121' title='bbox 253 1962 407 2034; x_wconf 76' lang='lat' dir='ltr'>rentnr3‘</span> <span class='ocrx_word' id='word_1_122' title='bbox 427 1962 472 2029; x_wconf 87' lang='lat' dir='ltr'>et,</span> <span class='ocrx_word' id='word_1_123' title='bbox 497 1953 528 2018; x_wconf 92' lang='lat' dir='ltr'>si</span> <span class='ocrx_word' id='word_1_124' title='bbox 552 1954 681 2018; x_wconf 87' lang='lat' dir='ltr'>Poenns</span> <span class='ocrx_word' id='word_1_125' title='bbox 703 1973 816 2018; x_wconf 88' lang='lat' dir='ltr'>rursus</span> <span class='ocrx_word' id='word_1_126' title='bbox 840 1956 947 2036; x_wconf 83' lang='lat' dir='ltr'>magis</span> <span class='ocrx_word' id='word_1_127' title='bbox 969 1955 1095 2019; x_wconf 86' lang='lat' dir='ltr'>arbiter</span> <span class='ocrx_word' id='word_1_128' title='bbox 1119 1957 1231 2038; x_wconf 78' lang='lat' dir='ltr'>pecie,</span> <span class='ocrx_word' id='word_1_129' title='bbox 1255 1974 1358 2039; x_wconf 90' lang='lat' dir='ltr'>qnam</span> 
     </span>
     <span class='ocr_line' id='line_1_17' title="bbox 253 2055 1360 2140; baseline -0.001 -18"><span class='ocrx_word' id='word_1_130' title='bbox 253 2056 385 2140; x_wconf 88' lang='lat' dir='ltr'>adjutor</span> <span class='ocrx_word' id='word_1_131' title='bbox 405 2056 498 2133; x_wconf 90' lang='lat' dir='ltr'>belli,</span> <span class='ocrx_word' id='word_1_132' title='bbox 519 2057 649 2133; x_wconf 87' lang='lat' dir='ltr'>fnisset,</span> <span class='ocrx_word' id='word_1_133' title='bbox 664 2076 707 2120; x_wconf 90' lang='lat' dir='ltr'>ne</span> <span class='ocrx_word' id='word_1_134' title='bbox 727 2058 761 2121; x_wconf 93' lang='lat' dir='ltr'>in</span> <span class='ocrx_word' id='word_1_135' title='bbox 785 2056 971 2121; x_wconf 88' lang='lat' dir='ltr'>libertatern</span> <span class='ocrx_word' id='word_1_136' title='bbox 988 2055 1156 2135; x_wconf 81' lang='lat' dir='ltr'>Crotonis,</span> <span class='ocrx_word' id='word_1_137' title='bbox 1173 2058 1265 2121; x_wconf 88' lang='lat' dir='ltr'>sicut</span> <span class='ocrx_word' id='word_1_138' title='bbox 1285 2066 1360 2121; x_wconf 89' lang='lat' dir='ltr'>ante</span> 
     </span>
     <span class='ocr_line' id='line_1_18' title="bbox 256 2158 1360 2241; baseline -0.001 -18"><span class='ocrx_word' id='word_1_139' title='bbox 256 2158 448 2234; x_wconf 81' lang='lat' dir='ltr'>Locrorum,</span> <span class='ocrx_word' id='word_1_140' title='bbox 462 2158 586 2223; x_wconf 81' lang='lat' dir='ltr'>frustra</span> <span class='ocrx_word' id='word_1_141' title='bbox 601 2164 813 2241; x_wconf 80' lang='lat' dir='ltr'>pugnaretur.</span> <span class='ocrx_word' id='word_1_142' title='bbox 859 2158 980 2240; x_wconf 88' lang='lat' dir='ltr'>Itaque</span> <span class='ocrx_word' id='word_1_143' title='bbox 989 2160 1154 2240; x_wconf 88' lang='lat' dir='ltr'>optimum</span> <span class='ocrx_word' id='word_1_144' title='bbox 1165 2159 1276 2221; x_wconf 87' lang='lat' dir='ltr'>visum</span> <span class='ocrx_word' id='word_1_145' title='bbox 1295 2168 1360 2235; x_wconf 89' lang='lat' dir='ltr'>est,</span> 
     </span>
     <span class='ocr_line' id='line_1_19' title="bbox 256 2259 1360 2343; baseline 0.002 -21"><span class='ocrx_word' id='word_1_146' title='bbox 256 2259 298 2322; x_wconf 92' lang='lat' dir='ltr'>ad</span> <span class='ocrx_word' id='word_1_147' title='bbox 317 2260 542 2324; x_wconf 86' lang='lat' dir='ltr'>Hannibalern</span> <span class='ocrx_word' id='word_1_148' title='bbox 564 2260 652 2323; x_wconf 86' lang='lat' dir='ltr'>mitti</span> <span class='ocrx_word' id='word_1_149' title='bbox 666 2261 804 2339; x_wconf 82' lang='lat' dir='ltr'>legatos,</span> <span class='ocrx_word' id='word_1_150' title='bbox 819 2261 998 2343; x_wconf 83' lang='lat' dir='ltr'>caverique</span> <span class='ocrx_word' id='word_1_151' title='bbox 1014 2259 1057 2322; x_wconf 94' lang='lat' dir='ltr'>ab</span> <span class='ocrx_word' id='word_1_152' title='bbox 1077 2278 1129 2336; x_wconf 91' lang='lat' dir='ltr'>eo,</span> <span class='ocrx_word' id='word_1_153' title='bbox 1145 2264 1182 2322; x_wconf 88' lang='lat' dir='ltr'>nt</span> <span class='ocrx_word' id='word_1_154' title='bbox 1197 2270 1360 2343; x_wconf 84' lang='lat' dir='ltr'>receptus</span> 
     </span>
     <span class='ocr_line' id='line_1_20' title="bbox 256 2358 1361 2444; baseline -0.002 -18"><span class='ocrx_word' id='word_1_155' title='bbox 256 2360 359 2426; x_wconf 80' lang='lat' dir='ltr'>Croto</span> <span class='ocrx_word' id='word_1_156' title='bbox 379 2360 594 2421; x_wconf 86' lang='lat' dir='ltr'>Bruttiomm-</span> <span class='ocrx_word' id='word_1_157' title='bbox 607 2364 708 2421; x_wconf 90' lang='lat' dir='ltr'>esset.</span> <span class='ocrx_word' id='word_1_158' title='bbox 754 2358 929 2423; x_wconf 88' lang='lat' dir='ltr'>Hannibal</span> <span class='ocrx_word' id='word_1_159' title='bbox 951 2378 1026 2423; x_wconf 93' lang='lat' dir='ltr'>cnm</span> <span class='ocrx_word' id='word_1_160' title='bbox 1050 2360 1267 2444; x_wconf 81' lang='lat' dir='ltr'>praesentium</span> <span class='ocrx_word' id='word_1_161' title='bbox 1282 2380 1361 2426; x_wconf 88' lang='lat' dir='ltr'>earn</span> 
     </span>
     <span class='ocr_line' id='line_1_21' title="bbox 171 2456 1362 2542; baseline 0.003 -20"><span class='ocrx_word' id='word_1_162' title='bbox 171 2490 174 2494; x_wconf 92' lang='lat'><em>·</em></span> <span class='ocrx_word' id='word_1_163' title='bbox 256 2458 530 2523; x_wconf 83' lang='lat' dir='ltr'>consultationem</span> <span class='ocrx_word' id='word_1_164' title='bbox 554 2456 654 2521; x_wconf 77' lang='lat' dir='ltr'>esses</span> <span class='ocrx_word' id='word_1_165' title='bbox 674 2460 916 2542; x_wconf 86' lang='lat' dir='ltr'>respondisset,</span> <span class='ocrx_word' id='word_1_166' title='bbox 937 2468 973 2525; x_wconf 89' lang='lat' dir='ltr'>et</span> <span class='ocrx_word' id='word_1_167' title='bbox 998 2460 1041 2525; x_wconf 90' lang='lat' dir='ltr'>ad</span> <span class='ocrx_word' id='word_1_168' title='bbox 1072 2460 1274 2525; x_wconf 88' lang='lat' dir='ltr'>Hannonem</span> <span class='ocrx_word' id='word_1_169' title='bbox 1303 2482 1362 2527; x_wconf 85' lang='lat' dir='ltr'>ees</span> 
     </span>
     <span class='ocr_line' id='line_1_22' title="bbox 255 2558 1361 2644; baseline 0.002 -19"><span class='ocrx_word' id='word_1_170' title='bbox 255 2559 440 2644; x_wconf 81' lang='lat' dir='ltr'>rejecisset,</span> <span class='ocrx_word' id='word_1_171' title='bbox 463 2560 506 2622; x_wconf 86' lang='lat' dir='ltr'>ab</span> <span class='ocrx_word' id='word_1_172' title='bbox 523 2558 689 2623; x_wconf 91' lang='lat' dir='ltr'>Hannone</span> <span class='ocrx_word' id='word_1_173' title='bbox 711 2560 792 2624; x_wconf 90' lang='lat' dir='ltr'>nibil</span> <span class='ocrx_word' id='word_1_174' title='bbox 818 2562 901 2625; x_wconf 90' lang='lat' dir='ltr'>certi</span> <span class='ocrx_word' id='word_1_175' title='bbox 924 2560 1121 2627; x_wconf 80' lang='lat' dir='ltr'>ablatum.⁸‘¹</span> <span class='ocrx_word' id='word_1_176' title='bbox 1165 2562 1245 2628; x_wconf 89' lang='lat' dir='ltr'>Nec</span> <span class='ocrx_word' id='word_1_177' title='bbox 1270 2564 1361 2627; x_wconf 89' lang='lat' dir='ltr'>enim</span> 
     </span>
     <span class='ocr_line' id='line_1_23' title="bbox 257 2660 1363 2748; baseline 0.001 -20"><span class='ocrx_word' id='word_1_178' title='bbox 257 2662 359 2745; x_wconf 90' lang='lat' dir='ltr'>diripi</span> <span class='ocrx_word' id='word_1_179' title='bbox 373 2662 530 2726; x_wconf 83' lang='lat' dir='ltr'>volebant</span> <span class='ocrx_word' id='word_1_180' title='bbox 550 2660 696 2724; x_wconf 87' lang='lat' dir='ltr'>nobilem</span> <span class='ocrx_word' id='word_1_181' title='bbox 712 2666 814 2745; x_wconf 88' lang='lat' dir='ltr'>atque</span> <span class='ocrx_word' id='word_1_182' title='bbox 832 2662 1021 2745; x_wconf 87' lang='lat' dir='ltr'>opulentam</span> <span class='ocrx_word' id='word_1_183' title='bbox 1036 2664 1171 2727; x_wconf 90' lang='lat' dir='ltr'>urbem:</span> <span class='ocrx_word' id='word_1_184' title='bbox 1195 2672 1228 2727; x_wconf 92' lang='lat' dir='ltr'>et</span> <span class='ocrx_word' id='word_1_185' title='bbox 1242 2684 1363 2748; x_wconf 86' lang='lat' dir='ltr'>spere·</span> 
     </span>
     <span class='ocr_line' id='line_1_24' title="bbox 257 2764 1362 2866; baseline 0.001 -37"><span class='ocrx_word' id='word_1_186' title='bbox 257 2765 348 2841; x_wconf 85' lang='lat' dir='ltr'>bant,</span> <span class='ocrx_word' id='word_1_187' title='bbox 370 2784 443 2831; x_wconf 90' lang='lat' dir='ltr'>enm</span> <span class='ocrx_word' id='word_1_188' title='bbox 467 2764 620 2866; x_wconf 76' lang='lat' dir='ltr'>¹Bruttius</span> <span class='ocrx_word' id='word_1_189' title='bbox 645 2769 866 2847; x_wconf 80' lang='lat' dir='ltr'>oppugnaret,</span> <span class='ocrx_word' id='word_1_190' title='bbox 889 2764 1018 2829; x_wconf 86' lang='lat' dir='ltr'>Poenos</span> <span class='ocrx_word' id='word_1_191' title='bbox 1039 2784 1103 2829; x_wconf 89' lang='lat' dir='ltr'>nec</span> <span class='ocrx_word' id='word_1_192' title='bbox 1122 2766 1279 2850; x_wconf 90' lang='lat' dir='ltr'>probare,</span> <span class='ocrx_word' id='word_1_193' title='bbox 1298 2786 1362 2831; x_wconf 91' lang='lat' dir='ltr'>nec</span> 
     </span>
    </p>
   </div>
   <div class='ocr_carea' id='block_1_3' title="bbox 291 2962 1362 3039">
    <p class='ocr_par' dir='ltr' id='par_1_4' title="bbox 291 2962 1362 3039">
     <span class='ocr_line' id='line_1_25' title="bbox 291 2962 1362 3039; baseline -0.001 -25"><span class='ocrx_word' id='word_1_194' title='bbox 291 2972 302 2998; x_wconf 54' lang='grc' dir='ltr'><strong><em>θ</em></strong></span> <span class='ocrx_word' id='word_1_195' title='bbox 316 2964 356 3015; x_wconf 76' lang='lat' dir='ltr'>Ad</span> <span class='ocrx_word' id='word_1_196' title='bbox 369 2964 488 3039; x_wconf 60' lang='grc' dir='ltr'>Βὴιςξκω</span> <span class='ocrx_word' id='word_1_197' title='bbox 498 2964 608 3039; x_wconf 75' lang='lat' dir='ltr'>oppidem</span> <span class='ocrx_word' id='word_1_198' title='bbox 619 2962 730 3026; x_wconf 75' lang='lat' dir='ltr'>imposito</span> <span class='ocrx_word' id='word_1_199' title='bbox 743 2963 855 3026; x_wconf 84' lang='lat' dir='ltr'>proeridio</span> <span class='ocrx_word' id='word_1_200' title='bbox 866 2964 892 3013; x_wconf 78' lang='lat' dir='ltr'>ia</span> <span class='ocrx_word' id='word_1_201' title='bbox 901 2964 955 3030; x_wconf 78' lang='lat' dir='ltr'>flde</span> <span class='ocrx_word' id='word_1_202' title='bbox 966 2965 1129 3015; x_wconf 75' lang='lat' dir='ltr'>retinendum:</span> <span class='ocrx_word' id='word_1_203' title='bbox 1145 2962 1180 3013; x_wconf 83' lang='lat' dir='ltr'>eie</span> <span class='ocrx_word' id='word_1_204' title='bbox 1192 2964 1265 3015; x_wconf 79' lang='lat' dir='ltr'>Poerr&#39;</span> <span class='ocrx_word' id='word_1_205' title='bbox 1274 2964 1362 3015; x_wconf 68' lang='lat' dir='ltr'>delia</span> 
     </span>
    </p>
   </div>
   <div class='ocr_carea' id='block_1_4' title="bbox 260 3155 1362 3334">
    <p class='ocr_par' dir='ltr' id='par_1_5' title="bbox 260 3155 1362 3334">
     <span class='ocr_line' id='line_1_26' title="bbox 290 3155 959 3219; baseline 0.004 -15"><span class='ocrx_word' id='word_1_206' title='bbox 290 3164 301 3189; x_wconf 76' lang='lat'>‘</span> <span class='ocrx_word' id='word_1_207' title='bbox 318 3158 357 3205; x_wconf 88' lang='lat' dir='ltr'>Ne</span> <span class='ocrx_word' id='word_1_208' title='bbox 367 3158 504 3205; x_wconf 72' lang='lat' dir='ltr'>eamear</span> <span class='ocrx_word' id='word_1_209' title='bbox 513 3156 603 3219; x_wconf 63' lang='lat' dir='ltr'>ahquid</span> <span class='ocrx_word' id='word_1_210' title='bbox 614 3155 702 3215; x_wconf 79' lang='lat' dir='ltr'>feriere</span> <span class='ocrx_word' id='word_1_211' title='bbox 712 3170 759 3204; x_wconf 65' lang='grc' dir='ltr'>που</span> <span class='ocrx_word' id='word_1_212' title='bbox 770 3159 884 3218; x_wconf 69' lang='lat' dir='ltr'>loreum</span> <span class='ocrx_word' id='word_1_213' title='bbox 892 3158 959 3207; x_wconf 83' lang='lat' dir='ltr'>ercii.</span> 
     </span>
     <span class='ocr_line' id='line_1_27' title="bbox 260 3218 1362 3334; baseline 0.002 -65"><span class='ocrx_word' id='word_1_214' title='bbox 260 3218 309 3334; x_wconf 47' lang='lat' dir='ltr'>ni</span> <span class='ocrx_word' id='word_1_215' title='bbox 317 3220 346 3270; x_wconf 84' lang='lat' dir='ltr'>ld</span> <span class='ocrx_word' id='word_1_216' title='bbox 356 3220 531 3270; x_wconf 72' lang='lat' dir='ltr'>deliberandam</span> <span class='ocrx_word' id='word_1_217' title='bbox 540 3234 591 3270; x_wconf 83' lang='lat' dir='ltr'>erse</span> <span class='ocrx_word' id='word_1_218' title='bbox 600 3221 630 3270; x_wconf 82' lang='lat' dir='ltr'>nir</span> <span class='ocrx_word' id='word_1_219' title='bbox 639 3220 670 3269; x_wconf 81' lang='lat' dir='ltr'>iis</span> <span class='ocrx_word' id='word_1_220' title='bbox 684 3220 726 3284; x_wconf 74' lang='lat' dir='ltr'>qai</span> <span class='ocrx_word' id='word_1_221' title='bbox 740 3226 867 3283; x_wconf 74' lang='lat' dir='ltr'>presentes</span> <span class='ocrx_word' id='word_1_222' title='bbox 884 3228 952 3271; x_wconf 79' lang='lat' dir='ltr'>erant</span> <span class='ocrx_word' id='word_1_223' title='bbox 960 3236 970 3281; x_wconf 87' lang='lat'>,·</span> <span class='ocrx_word' id='word_1_224' title='bbox 986 3237 1031 3271; x_wconf 78' lang='lat' dir='ltr'>rea</span> <span class='ocrx_word' id='word_1_225' title='bbox 1042 3238 1057 3272; x_wconf 81' lang='lat' dir='ltr'>a</span> <span class='ocrx_word' id='word_1_226' title='bbox 1067 3236 1100 3283; x_wconf 84' lang='lat' dir='ltr'>re,</span> <span class='ocrx_word' id='word_1_227' title='bbox 1110 3221 1151 3285; x_wconf 78' lang='lat' dir='ltr'>psi</span> <span class='ocrx_word' id='word_1_228' title='bbox 1160 3237 1177 3271; x_wconf 79' lang='grc' dir='ltr'><em>α</em></span> <span class='ocrx_word' id='word_1_229' title='bbox 1187 3220 1299 3270; x_wconf 73' lang='lat' dir='ltr'>Bruttiis</span> <span class='ocrx_word' id='word_1_230' title='bbox 1308 3220 1362 3271; x_wconf 82' lang='lat' dir='ltr'>ebe·</span> 
     </span>
    </p>
   </div>
   <div class='ocr_carea' id='block_1_5' title="bbox 258 3492 1361 3559">
    <p class='ocr_par' dir='ltr' id='par_1_6' title="bbox 258 3492 1361 3559">
     <span class='ocr_line' id='line_1_28' title="bbox 258 3492 1361 3559; baseline 0.001 -17"><span class='ocrx_word' id='word_1_231' title='bbox 258 3500 307 3542; x_wconf 77' lang='lat' dir='ltr'>—t</span> <span class='ocrx_word' id='word_1_232' title='bbox 321 3494 477 3544; x_wconf 71' lang='lat' dir='ltr'>Bomilcarem</span> <span class='ocrx_word' id='word_1_233' title='bbox 487 3492 636 3543; x_wconf 66' lang='lat' dir='ltr'>suern—6</span> <span class='ocrx_word' id='word_1_234' title='bbox 652 3494 660 3521; x_wconf 89' lang='lat'>‘</span> <span class='ocrx_word' id='word_1_235' title='bbox 674 3493 738 3543; x_wconf 81' lang='lat' dir='ltr'>Urbe</span> <span class='ocrx_word' id='word_1_236' title='bbox 746 3494 837 3557; x_wconf 80' lang='lat' dir='ltr'>puriter</span> <span class='ocrx_word' id='word_1_237' title='bbox 847 3499 870 3545; x_wconf 80' lang='lat' dir='ltr'>et</span> <span class='ocrx_word' id='word_1_238' title='bbox 881 3500 963 3559; x_wconf 74' lang='lat' dir='ltr'>portae</span> <span class='ocrx_word' id='word_1_239' title='bbox 973 3496 999 3546; x_wconf 87' lang='lat' dir='ltr'>irr</span> <span class='ocrx_word' id='word_1_240' title='bbox 1008 3498 1123 3559; x_wconf 81' lang='lat' dir='ltr'>potestate</span> <span class='ocrx_word' id='word_1_241' title='bbox 1134 3494 1206 3543; x_wconf 77' lang='lat' dir='ltr'>Lacr.</span> <span class='ocrx_word' id='word_1_242' title='bbox 1220 3494 1288 3546; x_wconf 83' lang='lat' dir='ltr'>Edd.</span> <span class='ocrx_word' id='word_1_243' title='bbox 1298 3502 1361 3543; x_wconf 85' lang='lat' dir='ltr'>rute</span> 
     </span>
    </p>
   </div>
   <div class='ocr_carea' id='block_1_6' title="bbox 257 3558 1361 3685">
    <p class='ocr_par' dir='ltr' id='par_1_7' title="bbox 257 3558 1361 3685">
     <span class='ocr_line' id='line_1_29' title="bbox 261 3558 1361 3623; baseline 0.002 -18"><span class='ocrx_word' id='word_1_244' title='bbox 261 3559 376 3605; x_wconf 85' lang='lat' dir='ltr'>Gronov.</span> <span class='ocrx_word' id='word_1_245' title='bbox 400 3559 452 3607; x_wconf 86' lang='lat' dir='ltr'>Sed</span> <span class='ocrx_word' id='word_1_246' title='bbox 464 3566 491 3605; x_wconf 92' lang='lat' dir='ltr'>et</span> <span class='ocrx_word' id='word_1_247' title='bbox 501 3558 543 3607; x_wconf 89' lang='lat' dir='ltr'>bic</span> <span class='ocrx_word' id='word_1_248' title='bbox 553 3561 669 3619; x_wconf 81' lang='lat' dir='ltr'>poleetnie</span> <span class='ocrx_word' id='word_1_249' title='bbox 680 3559 797 3619; x_wconf 87' lang='lat' dir='ltr'>retinuit,</span> <span class='ocrx_word' id='word_1_250' title='bbox 809 3572 855 3623; x_wconf 89' lang='lat' dir='ltr'>pro</span> <span class='ocrx_word' id='word_1_251' title='bbox 867 3574 917 3623; x_wconf 84' lang='lat' dir='ltr'>quo</span> <span class='ocrx_word' id='word_1_252' title='bbox 929 3559 1008 3610; x_wconf 77' lang='lat' dir='ltr'>Creu.</span> <span class='ocrx_word' id='word_1_253' title='bbox 1019 3558 1166 3609; x_wconf 75' lang='lat' dir='ltr'>ferentibus</span> <span class='ocrx_word' id='word_1_254' title='bbox 1177 3558 1285 3622; x_wconf 88' lang='lat' dir='ltr'>optimis</span> <span class='ocrx_word' id='word_1_255' title='bbox 1297 3560 1361 3609; x_wconf 76' lang='lat' dir='ltr'>bles.</span> 
     </span>
     <span class='ocr_line' id='line_1_30' title="bbox 257 3620 883 3685; baseline 0.005 -15"><span class='ocrx_word' id='word_1_256' title='bbox 257 3626 398 3685; x_wconf 71' lang='lat' dir='ltr'>poterim</span> <span class='ocrx_word' id='word_1_257' title='bbox 411 3622 531 3683; x_wconf 86' lang='lat' dir='ltr'>recepit.&#39;</span> <span class='ocrx_word' id='word_1_258' title='bbox 546 3620 639 3670; x_wconf 71' lang='lat' dir='ltr'>Strati.</span> <span class='ocrx_word' id='word_1_259' title='bbox 673 3622 732 3671; x_wconf 88' lang='lat' dir='ltr'>Vid.</span> <span class='ocrx_word' id='word_1_260' title='bbox 746 3623 809 3673; x_wconf 84' lang='lat' dir='ltr'>Not.</span> <span class='ocrx_word' id='word_1_261' title='bbox 821 3625 883 3673; x_wconf 83' lang='lat' dir='ltr'>Ver.</span> 
     </span>
    </p>
   </div>
   <div class='ocr_carea' id='block_1_7' title="bbox 261 3685 1364 3881">
    <p class='ocr_par' dir='ltr' id='par_1_8' title="bbox 261 3685 1364 3881">
     <span class='ocr_line' id='line_1_31' title="bbox 293 3685 1364 3749; baseline 0.001 -16"><span class='ocrx_word' id='word_1_262' title='bbox 293 3689 308 3732; x_wconf 78' lang='grc'><strong>7</strong></span> <span class='ocrx_word' id='word_1_263' title='bbox 327 3685 358 3735; x_wconf 73' lang='lat' dir='ltr'>St</span> <span class='ocrx_word' id='word_1_264' title='bbox 367 3686 393 3735; x_wconf 69' lang='grc' dir='ltr'>ἐκ</span> <span class='ocrx_word' id='word_1_265' title='bbox 403 3700 444 3735; x_wconf 83' lang='lat' dir='ltr'>eru</span> <span class='ocrx_word' id='word_1_266' title='bbox 455 3686 528 3735; x_wconf 71' lang='lat' dir='ltr'>maris</span> <span class='ocrx_word' id='word_1_267' title='bbox 538 3691 632 3749; x_wconf 76' lang='lat' dir='ltr'>portum</span> <span class='ocrx_word' id='word_1_268' title='bbox 641 3700 669 3734; x_wconf 84' lang='lat' dir='ltr'>ae</span> <span class='ocrx_word' id='word_1_269' title='bbox 679 3686 759 3735; x_wconf 78' lang='lat' dir='ltr'>urbem</span> <span class='ocrx_word' id='word_1_270' title='bbox 771 3688 883 3737; x_wconf 71' lang='lat' dir='ltr'>maribus</span> <span class='ocrx_word' id='word_1_271' title='bbox 893 3688 996 3736; x_wconf 73' lang='lat' dir='ltr'>mbram</span> <span class='ocrx_word' id='word_1_272' title='bbox 1008 3686 1075 3737; x_wconf 84' lang='lat' dir='ltr'>Edd.</span> <span class='ocrx_word' id='word_1_273' title='bbox 1088 3692 1148 3735; x_wconf 85' lang='lat' dir='ltr'>ante</span> <span class='ocrx_word' id='word_1_274' title='bbox 1162 3686 1298 3736; x_wconf 72' lang='lat' dir='ltr'>ursin-8</span> <span class='ocrx_word' id='word_1_275' title='bbox 1309 3688 1317 3715; x_wconf 76' lang='lat'>⁸</span> <span class='ocrx_word' id='word_1_276' title='bbox 1330 3686 1364 3735; x_wconf 89' lang='grc' dir='ltr'>Η.</span> 
     </span>
     <span class='ocr_line' id='line_1_32' title="bbox 261 3750 1362 3814; baseline -0.003 -13"><span class='ocrx_word' id='word_1_277' title='bbox 261 3750 607 3814; x_wconf 53' lang='lat' dir='ltr'>tauromenitanae</span> <span class='ocrx_word' id='word_1_278' title='bbox 619 3752 696 3799; x_wconf 87' lang='lat' dir='ltr'>lectio</span> <span class='ocrx_word' id='word_1_279' title='bbox 706 3752 814 3801; x_wconf 70' lang='lat' dir='ltr'>albiam.</span> <span class='ocrx_word' id='word_1_280' title='bbox 847 3751 900 3800; x_wconf 89' lang='lat' dir='ltr'>Pro</span> <span class='ocrx_word' id='word_1_281' title='bbox 916 3751 1032 3801; x_wconf 76' lang='lat' dir='ltr'>Horrore</span> <span class='ocrx_word' id='word_1_282' title='bbox 1043 3750 1110 3802; x_wconf 87' lang='lat' dir='ltr'>ferte</span> <span class='ocrx_word' id='word_1_283' title='bbox 1123 3752 1173 3814; x_wconf 76' lang='lat' dir='ltr'>leg·</span> <span class='ocrx_word' id='word_1_284' title='bbox 1183 3750 1234 3814; x_wconf 78' lang='lat' dir='ltr'>loe,</span> <span class='ocrx_word' id='word_1_285' title='bbox 1252 3757 1282 3801; x_wconf 84' lang='lat' dir='ltr'>ut</span> <span class='ocrx_word' id='word_1_286' title='bbox 1298 3750 1362 3799; x_wconf 89' lang='lat' dir='ltr'>illud</span> 
     </span>
     <span class='ocr_line' id='line_1_33' title="bbox 262 3815 1364 3881; baseline -0.002 -15"><span class='ocrx_word' id='word_1_287' title='bbox 262 3830 370 3881; x_wconf 73' lang='lat' dir='ltr'>emerg.</span> <span class='ocrx_word' id='word_1_288' title='bbox 386 3816 529 3881; x_wconf 83' lang='lat' dir='ltr'>irrepserit.</span> <span class='ocrx_word' id='word_1_289' title='bbox 562 3815 626 3865; x_wconf 85' lang='lat' dir='ltr'>Mox</span> <span class='ocrx_word' id='word_1_290' title='bbox 644 3821 667 3865; x_wconf 83' lang='lat' dir='ltr'>et</span> <span class='ocrx_word' id='word_1_291' title='bbox 687 3826 745 3881; x_wconf 80' lang='lat' dir='ltr'>post</span> <span class='ocrx_word' id='word_1_292' title='bbox 764 3820 909 3880; x_wconf 71' lang='lat' dir='ltr'>oppugnaret</span> <span class='ocrx_word' id='word_1_293' title='bbox 928 3816 1058 3866; x_wconf 83' lang='lat' dir='ltr'>excidisse</span> <span class='ocrx_word' id='word_1_294' title='bbox 1075 3815 1211 3881; x_wconf 65' lang='lat' dir='ltr'>strepicor!</span> <span class='ocrx_word' id='word_1_295' title='bbox 1227 3815 1364 3878; x_wconf 68' lang='lat' dir='ltr'>Repert-</span> 
     </span>
    </p>
   </div>
   <div class='ocr_carea' id='block_1_8' title="bbox 761 3974 867 4025">
    <p class='ocr_par' dir='ltr' id='par_1_9' title="bbox 761 3974 867 4025">
     <span class='ocr_line' id='line_1_34' title="bbox 761 3974 867 4025; baseline -0.009 0"><span class='ocrx_word' id='word_1_296' title='bbox 761 3974 784 4025; x_wconf 89' lang='lat' dir='ltr'>N</span> <span class='ocrx_word' id='word_1_297' title='bbox 789 3974 867 4025; x_wconf 70' lang='lat' dir='ltr'><strong>0⁹1*AE</strong></span> 
     </span>
    </p>
   </div>
   <div class='ocr_carea' id='block_1_9' title="bbox 263 4088 1366 4305">
    <p class='ocr_par' dir='ltr' id='par_1_10' title="bbox 263 4088 1366 4305">
     <span class='ocr_line' id='line_1_35' title="bbox 294 4088 1365 4154; baseline 0.002 -15"><span class='ocrx_word' id='word_1_298' title='bbox 294 4090 387 4139; x_wconf 69' lang='lat' dir='ltr'>‘Urbe</span> <span class='ocrx_word' id='word_1_299' title='bbox 403 4093 495 4152; x_wconf 80' lang='lat' dir='ltr'>peteret</span> <span class='ocrx_word' id='word_1_300' title='bbox 516 4088 608 4151; x_wconf 78' lang='lat' dir='ltr'>Poear‘s,</span> <span class='ocrx_word' id='word_1_301' title='bbox 626 4094 717 4152; x_wconf 75' lang='lat' dir='ltr'>poma,</span> <span class='ocrx_word' id='word_1_302' title='bbox 738 4088 792 4154; x_wconf 65' lang='lat' dir='ltr'>tre]</span> <span class='ocrx_word' id='word_1_303' title='bbox 864 4088 931 4139; x_wconf 60' lang='lat' dir='ltr'>‘Ab</span> <span class='ocrx_word' id='word_1_304' title='bbox 955 4088 1073 4139; x_wconf 73' lang='lat' dir='ltr'>Haerere</span> <span class='ocrx_word' id='word_1_305' title='bbox 1093 4089 1154 4139; x_wconf 82' lang='lat' dir='ltr'>rildl</span> <span class='ocrx_word' id='word_1_306' title='bbox 1178 4090 1238 4139; x_wconf 77' lang='lat' dir='ltr'>certi</span> <span class='ocrx_word' id='word_1_307' title='bbox 1258 4088 1365 4141; x_wconf 70' lang='lat' dir='ltr'>allatret</span> 
     </span>
     <span class='ocr_line' id='line_1_36' title="bbox 264 4164 1366 4229; baseline 0.002 -14"><span class='ocrx_word' id='word_1_308' title='bbox 264 4168 357 4221; x_wconf 79' lang='lat' dir='ltr'>Lectio</span> <span class='ocrx_word' id='word_1_309' title='bbox 368 4173 408 4215; x_wconf 83' lang='lat' dir='ltr'>eet</span> <span class='ocrx_word' id='word_1_310' title='bbox 419 4165 683 4215; x_wconf 80' lang='lat' dir='ltr'>Greueriiexcodiee</span> <span class='ocrx_word' id='word_1_311' title='bbox 695 4166 792 4215; x_wconf 83' lang='lat' dir='ltr'>Putea·</span> <span class='ocrx_word' id='word_1_312' title='bbox 833 4164 956 4229; x_wconf 73' lang='lat' dir='ltr'>[riarum]</span> <span class='ocrx_word' id='word_1_313' title='bbox 974 4164 1160 4217; x_wconf 72' lang='lat' dir='ltr'>Galillenses</span> <span class='ocrx_word' id='word_1_314' title='bbox 1180 4180 1210 4217; x_wconf 79' lang='lat' dir='ltr'>re</span> <span class='ocrx_word' id='word_1_315' title='bbox 1228 4180 1253 4215; x_wconf 89' lang='lat' dir='ltr'>re</span> <span class='ocrx_word' id='word_1_316' title='bbox 1269 4168 1366 4217; x_wconf 74' lang='lat' dir='ltr'>decim</span> 
     </span>
     <span class='ocr_line' id='line_1_37' title="bbox 263 4238 906 4305; baseline -0.005 -13"><span class='ocrx_word' id='word_1_317' title='bbox 263 4258 308 4297; x_wconf 83' lang='lat' dir='ltr'>no.</span> <span class='ocrx_word' id='word_1_318' title='bbox 325 4238 474 4303; x_wconf 71' lang='lat' dir='ltr'>Vulgorrrbe</span> <span class='ocrx_word' id='word_1_319' title='bbox 482 4240 791 4305; x_wconf 80' lang='lat' dir='ltr'>puriteretPoerrr&#39;rporisr.</span> <span class='ocrx_word' id='word_1_320' title='bbox 829 4242 906 4304; x_wconf 79' lang='lat' dir='ltr'>poliri.</span> 
     </span>
    </p>
   </div>
   <div class='ocr_carea' id='block_1_10' title="bbox 0 0 1484 4767">
    <p class='ocr_par' dir='ltr' id='par_1_11' title="bbox 0 0 1484 4767">
     <span class='ocr_line' id='line_1_38' title="bbox 0 0 1484 4767; baseline 0 0"><span class='ocrx_word' id='word_1_321' title='bbox 0 0 1484 4767; x_wconf 95' lang='lat' dir='ltr'> </span> 
     </span>
    </p>
   </div>
  </div>
 </body>
</html>
