2917 4767
476 377 548 425 ιη.
572 375 674 425 xxrr.
696 376 779 424 ese.
801 360 834 423 l.
1122 363 1209 430 1775

132 521 171 584 4.
197 519 392 599 Hannibal,
406 519 501 604 qnod
515 521 588 602 agri
601 526 656 584 est
665 519 751 584 inter
766 519 972 585 Cortnnnnsq
996 521 1109 585 urbem
1124 521 1208 588 Tra-

86 621 341 706 simennmque
350 622 488 699 lacum,r
503 623 595 686 omni
609 622 707 686 clade
720 622 803 686 belli
819 627 1004 704 pervertat,
1019 641 1087 705 qun
1101 625 1208 706 magis

85 726 179 787 iram
196 725 296 789 hosti
308 723 351 788 sd
362 724 580 790 vindicandas
590 722 908 806 socioruminjuries
919 731 1034 788 acuet.
1079 725 1124 788 Et
1134 725 1208 808 jum

86 831 325 906 pervenerant
338 824 382 888 ed
396 825 473 890 loca
486 824 620 888 insidiis
634 832 726 898 nata,
738 826 795 888 ubi
810 825 965 888 'maxime
980 829 1108 889 montes
1124 825 1211 891 Cor·v

86 935 267 991 tonenses
281 927 499 992 Trasimenus
509 934 538 974 ¹⁴
559 926 672 991 subit·
715 925 785 991 Vis
797 933 923 992 tantum
937 927 1078 992 interest
1092 947 1208 1012 peran-

86 1037 216 1109 gusta,
233 1029 328 1093 velut
343 1030 387 1094 ad
402 1029 438 1092 id
453 1030 568 1112 ipsum
583 1028 626 1093 de
639 1027 808 1094 industria
823 1029 1078 1113 relictospatio:
1089 1029 1208 1094 deinde

87 1131 205 1210 paulo
222 1131 323 1196 letior
335 1131 483 1213 patescit
496 1149 661 1214 campus;
682 1131 761 1194 inde
772 1131 1106 1212 collesassnrguut.¹⁵
1151 1131 1210 1196 Ibi

89 1243 219 1298 castre
234 1235 268 1297 in
283 1242 402 1316 aperto
418 1234 522 1310 locat,
538 1233 597 1298 ubi
617 1235 692 1315 ipse
705 1253 780 1298 curn
797 1233 890 1298 Afris
904 1233 1007 1299 modo
1023 1233 1207 1316 Hispanis·

89 1353 166 1417 que
194 1337 400 1400 consideret.
445 1336 599 1400 Baliares
625 1343 840 1420 veteranique
866 1337 975 1400 levem
1005 1343 1208 1401 armaturam

90 1443 331 1517 postmontes
352 1437 592 1502 circumducit:
606 1438 742 1518 ‚equites
758 1437 801 1502 ed
827 1439 923 1520 ipses
947 1435 1062 1502 lances
1086 1438 1207 1516 saltus,

94 1540 246 1603 tumulis
262 1546 342 1622 apte
357 1539 559 1621 tegentibus,
573 1538 688 1618 locat3
710 1547 763 1617 ut,
783 1542 840 1604 ubi
855 1541 1032 1604 intrassent
1050 1539 1207 1617 Romani,

93 1639 243 1723 objecto
258 1642 422 1724 equitatu,
438 1641 557 1704 clause
582 1641 697 1705 omnis
716 1642 794 1707 lucu
822 1661 864 1705 nc
888 1643 1056 1706 montibus
1079 1649 1206 1706 essent.

94 1739 293 1804 Flaminius
308 1761 386 1804 cum
410 1740 520 1824 pridie
540 1742 624 1804 selis
639 1761 765 1806 occasu
789 1742 832 1807 ad
854 1743 964 1807 lacum
986 1743 1210 1825 pervenisses,

94 1841 341 1924 inexplorato:
361 1850 497 1924 postero
511 1843 580 1918 die,
596 1843 745 1908 vixdum
761 1846 848 1908 satis
864 1851 955 1910 certa
973 1845 1063 1920 lnce,
1085 1863 1208 1926 ungus-

95 1943 157 2006 tiis
173 1944 360 2024 superetis,
371 1951 550 2026 postquam
573 1944 607 2008 in
625 1945 847 2028 patentiorem
863 1965 1017 2030 campum
1033 1946 1136 2030 pandi
1151 1965 1208 2028 ag-

96 2062 179 2107 rnen
196 2046 315 2127 coepit,
331 2045 367 2108 id
383 2051 513 2109 tantum
524 2046 683 2123 hostium,
697 2047 792 2129 quod
805 2067 849 2111 es
866 2048 1011 2112 adverso
1030 2053 1112 2124 erat,
1128 2065 1209 2111 con·

101 2145 278 2227 spexitz¹⁶
310 2147 354 2210 ab
377 2153 469 2229 tergo
491 2156 526 2212 et
554 2166 658 2231 super
682 2158 788 2232 caput
811 2149 974 2234 decepere
988 2159 1013 2200 ¹⁷
1050 2149 1208 2216 insidier

130 2354 145 2388 ⁸
163 2344 241 2396 run
255 2344 350 2394 issidr'e
369 2347 498 2408 memet,
516 2360 576 2410 psus
585 2351 637 2394 tess
646 2361 661 2394 s
671 2350 749 2408 sergo,
760 2351 811 2397 tssr
821 2361 893 2412 repra
902 2354 973 2412 crpus
986 2347 1110 2399 Hassidsl
1125 2353 1208 2400 stm-

102 2416 167 2458 trud·

565 2502 611 2524 m
612 2503 748 2526 OOOOOO

135 2627 169 2674 lt
189 2623 231 2672 ΑΙ.
251 2623 431 2684 rimaranes,
447 2624 630 2687 l'drssysresss,
643 2624 818 2678 Tlrssisnesrrs.
833 2623 998 2672 l'rmsmesrrs.
1033 2621 1099 2672 Mes.
1109 2623 1135 2670 is
1149 2623 1208 2674 lla·

101 2690 295 2738 mam-rs
313 2688 375 2736 Pur.
387 2695 414 2736 et
432 2687 495 2750 ltrg.
506 2689 741 2750 edburgae-ld
757 2687 859 2750 Aspexit
872 2686 939 2736 Edd.
953 2700 1041 2736 ornnes
1053 2697 1113 2735 anre
1125 2688 1208 2738 Brsk.

101 2757 170 2802 -l'l
186 2751 253 2800 ‘lta
270 2765 303 2798 ex
320 2752 399 2812 lipsii
410 2753 561 2816 conjectura
572 2753 733 2802 recentiores
746 2751 814 2800 Edd.
831 2758 993 2814 receperunt.
1026 2751 1058 2800 ln
1076 2751 1208 2814 plerisque

102 2817 172 2866 Mss-
182 2825 223 2864 est
232 2819 345 2878 mmo,
353 2814 400 2880 (de
411 2831 462 2880 qno
473 2817 568 2864 erroris
579 2831 675 2878 genere
687 2816 739 2864 vid.
749 2815 895 2864 Gronovius
904 2815 936 2862 sd
946 2815 1013 2863 Livii
1024 2815 1066 2862 lib.
1078 2828 1117 2862 vr.
1125 2828 1149 2862 c.
1159 2817 1208 2878 8.§

102 2881 142 2948 8.)
157 2882 185 2930 in
202 2881 399 2943 sollertissimas
415 2881 441 2928 in
457 2879 525 2929 Edd.
542 2888 608 2929 retr.
626 2881 754 2941 omuibus,
768 2881 876 2928 detecte.
909 2879 1006 2926 Forsan
1020 2879 1081 2926 clim
1098 2877 1209 2927 inlibris

103 2953 173 3008 eret,
183 2945 215 2994 st
231 2950 300 3006 tergo
315 2950 339 2993 es
354 2959 426 3008 seper
438 2950 508 3008 repet
519 2944 577 2994 lest
592 2946 691 2994 desecte
708 2943 822 3001 bridius
838 2943 900 2991 eliso
910 2943 948 3004 τᾷ
958 2943 1014 2992 lost
1027 2949 1136 3007 propter
1147 2943 1209 2993 rici-

606 3069 713 3122 Nom

134 3195 146 3228 r
165 3185 236 3234 lster
246 3185 386 3247 Cortonam]
398 3186 511 3236 Cortons
520 3185 634 3234 Etruria
674 3183 701 3232 di
712 3183 837 3244 Persggiu
856 3181 1013 3246 appellatur,
1024 3184 1118 3246 psrtim
1129 3185 1210 3236 elisur

103 3263 164 3312 urbs
175 3263 246 3310 ultra
257 3261 358 3310 Ctsuiru
369 3259 397 3312 fl.
408 3268 435 3310 et
447 3261 578 3310 Clusinum
590 3275 635 3321 ps·
675 3262 745 3322 Lego
760 3263 786 3309 di
800 3259 947 3322 Costigts'ose
965 3260 999 3311 sb
1011 3262 1095 3310 altero
1112 3263 1210 3327 oppido

103 3340 203 3400 indens,
237 3337 270 3386 sd
292 3345 393 3386 montes
419 3338 464 3400 qni
485 3337 636 3385 Trasimeun
676 3337 760 3385 eidem
774 3337 904 3400 apposito.

102 3415 239 3464 imminent
256 3411 334 3468 lacui,
350 3427 365 3459 s
382 3426 433 3475 qno
450 3413 560 3460 millibus
578 3427 635 3475 par·
708 3419 718 3445 ⁸
738 3412 785 3462 Udi
812 3413 915 3462 maxims
933 3417 1024 3463 mortes
1053 3413 1209 3464 Cortonenses

104 3495 304 3553 rusmqustuor
320 3489 637 3538 diststanrurnnmrer·
679 3489 828 3539 Maenas
847 3487 922 3552 salit]
951 3490 984 3539 ld
1002 3497 1053 3550 est,
1071 3500 1209 3555 quspsrre

105 3583 159 3616 sus:
177 3580 273 3615 nomen
291 3565 375 3614 sdlrnc
395 3567 500 3626 retiner,
512 3573 638 3628 paretque
677 3565 843 3614 Trasimenus
858 3566 990 3616 montibus
1001 3565 1208 3617 Cortonensibus

104 3657 198 3708 magno
211 3641 315 3691 Tereia
334 3641 418 3690 Ducis
436 3643 547 3690 Veteres
565 3643 637 3691 Cori·
677 3657 754 3704 quarn
766 3643 883 3705 proxime
895 3642 1027 3706 srrlrjectrrs
1038 3649 1087 3694 est.
1116 3641 1209 3692 liunu-

105 3728 161 3769 tunr
170 3717 352 3782 appellaberis,
363 3730 427 3781 ques
435 3727 543 3767 secatur
553 3717 639 3780 Virgi-
678 3718 768 3781 scripsi
777 3719 882 3775 habent.
889 3719 931 3768 ali
938 3719 1042 3768 nasim
1051 3723 1139 3767 nostes
1149 3721 1210 3768 Cor·

106 3797 162 3847 lias.
677 3798 784 3843 rosum
794 3795 821 3842 irs
834 3794 997 3843 Trasimenum
1007 3809 1017 3850 ‚·
1033 3792 1112 3856 idque
1123 3807 1151 3842 ss
1162 3809 1209 3844 ex·

134 3879 147 3906 ¹
160 3870 371 3931 Mamers
382 3867 469 3932 mm]
485 3866 637 3918 Mediofer·
679 3870 778 3931 plicare
802 3869 841 3919 sir
862 3869 977 3919 Gronov.
999 3881 1038 3917 ιν.
1067 3869 1208 3920 observat.

104 3963 145 4000 rne
165 3948 239 3996 iuter
260 3944 381 4009 paludem
399 3944 531 3993 Clusinssn
547 3943 637 4006 (qnam
679 3949 721 3994 ln.

106 4029 226 4088 permeat
243 4017 345 4082 clunis)
363 4025 391 4067 st
408 4017 523 4068 'liberius
543 4019 637 4082 spatio,
709 4015 898 4083 ⁸lrrersptoruto]
927 4015 1120 4068 Adrerblslilcr
1144 4018 1208 4070 dici-

106 4096 236 4149 mensibus
251 4093 364 4158 undique
378 4094 493 4158 cingitur
504 4093 546 4144 tric
558 4094 637 4158 lacus,
678 4103 730 4148 tur.
765 4095 834 4144 dliss
852 4095 890 4144 ric
901 4095 1070 4158 expresseris,
1088 4110 1145 4146 cunr
1158 4097 1209 4148 iter

106 4187 172 4224 nnnc
196 4187 214 4220 s
237 4171 349 4221 Perusia
374 4168 506 4220 Pontificli
533 4169 639 4220 dominii
677 4169 818 4236 premissis
846 4170 878 4219 de
906 4185 977 4222 more
999 4173 1207 4237 speculatoribus

107 4249 179 4307 urbs,
196 4261 255 4313 qne
267 4245 301 4297 sd
317 4253 405 4297 ortum
417 4253 470 4310 est,
483 4245 560 4312 vulgo
571 4246 639 4310 lage
675 4243 730 4299 nen
742 4248 914 4313 explorssset.
