2917 4767
425 348 525 396 ruent
552 348 634 397 xiv.
657 350 981 401 surraaunuruu.
1166 338 1252 405 1469

130 491 245 569 majori
262 488 415 570 perculsus
432 511 494 551 esse
507 494 608 552 timore
621 492 765 563 videatur,
785 504 881 573 coeptc
899 515 931 553 se
951 494 1087 555 desistere

132 586 275 646 simulat:
298 586 401 665 colligi
413 588 541 647 sarcinas
555 590 654 666 jubet,
676 598 708 648 ut
720 590 934 670 quamprimum
946 590 1087 651 discessu·

135 706 198 743 rus.
244 684 281 743 In
297 684 410 753 urbem,
423 694 457 743 ut
469 687 570 744 cestris
582 695 642 744 tam
665 687 833 765 propinquis
853 706 1001 745 necessum
1013 699 1087 757 erat,

131 783 198 841 cito
210 784 277 842 lianc
288 782 468 840 nuntiantur.
510 780 627 841 Praeter
649 782 832 861 probabilem
844 783 886 841 rei
902 802 1022 842 causam
1037 786 1088 861 ju·

131 888 225 937 vatur
245 899 283 937 eo
303 896 421 957 quoqne
444 876 611 947 credulitas,
631 876 711 956 quod
724 896 826 936 rerum
847 878 903 937 lroc
915 898 977 937 esse
989 880 1088 958 cupie-

129 975 229 1035 bant:
250 994 319 1033 cum
328 976 394 1053 jam
407 982 509 1053 sponte
523 974 598 1033 hanc
616 968 645 1031 in'
666 982 779 1053 partem
799 972 1007 1033 inclinantibus
1026 975 1087 1033 aui·

130 1070 203 1140 mis,
217 1072 355 1151 captivis
367 1068 488 1149 quidam
500 1090 550 1149 ape
572 1069 714 1129 libertatis
734 1078 823 1149 atque
841 1070 1024 1150 praemiomm
1044 1070 1088 1129 in·

131 1166 245 1226 ductis
258 1166 408 1226 aconsule
421 1166 598 1245 supervenit,
620 1174 762 1245 tanquam
782 1166 857 1224 inter
876 1164 1089 1225 festinationem

133 1262 354 1323 discedentium
367 1263 521 1322 occasione
534 1270 655 1343 captata
666 1262 831 1321 custodiam
843 1261 1000 1339 effugisset.

181 1365 212 1421 7.
233 1359 293 1418 Ille
304 1358 475 1417 Cornelium
488 1357 645 1428 Rufinum,
663 1358 744 1438 qnod
767 1357 806 1417 ad
827 1358 965 1417 Crotonis
976 1379 1089 1439 oppug-

135 1455 287 1513 nationem
298 1474 401 1535 parum
414 1456 535 1514 haberet
543 1456 665 1525 roboris,
677 1455 785 1514 Locros
795 1472 912 1535 pergere
922 1463 1031 1524 narrat,
1040 1475 1088 1515 ac·

133 1550 228 1609 citum
242 1572 262 1609 a
275 1550 452 1630 quibusdam
466 1552 566 1609 urbem
579 1550 660 1611 illam
673 1550 796 1631 prodere
809 1550 958 1631 pollicitis.
991 1550 1091 1614 Adest

136 1646 227 1724 paulo
241 1654 309 1727 poet
326 1656 356 1705 et
369 1647 453 1717 alter,
466 1650 517 1726 qui
530 1647 568 1706 de
582 1648 724 1729 prioribus
744 1647 866 1715 eadem
887 1656 1017 1707 ceterum
1023 1652 1089 1727 jam

137 1742 193 1800 iter
206 1743 350 1820 ingremos
369 1762 431 1801 eme
448 1742 602 1802 Romanoe
625 1746 744 1802 asserit:
766 1742 853 1802 simul
874 1743 1090 1823 conspiciuntur

137 1838 254 1895 eminus
269 1838 353 1915 signa
365 1846 396 1897 et
407 1858 510 1917 agmen
523 1838 719 1898 incedentium
732 1839 783 1898 ris
794 1858 862 1917 quse
877 1838 986 1899 locros
997 1840 1089 1902 ducit.

140 1932 189 1991 Eo
199 1932 269 1992 dolo
279 1942 385 2014 captus
403 1932 605 1995 Nicomachus
615 1954 668 2014 per
679 1934 855 2013 compendia
865 1933 979 1992 riarum
987 1934 1089 1995 celeri·

136 2038 183 2087 ter
195 2050 265 2089 cum
278 2030 338 2089 suis
350 2030 476 2090 accurrit
485 2030 604 2100 Locros,
619 2038 652 2089 ut
665 2048 730 2089 eam
741 2048 861 2109 quoque
873 2030 975 2088 urbem
988 2029 1089 2090 delen·

133 2146 229 2185 sirus.
273 2124 367 2191 Quod
386 2126 437 2185 ubi
455 2144 506 2205 per
519 2125 651 2185 occultos
669 2126 785 2184 nuntios
798 2123 928 2184 Rufinus
939 2126 1000 2185 cito
1008 2146 1087 2185 com·

135 2222 224 2301 perit,
249 2240 390 2281 converso
403 2222 516 2291 itinere,
536 2220 694 2280 Crotonem
716 2240 871 2298 regressus,
889 2230 1000 2299 quanto
1017 2242 1088 2281 con·

132 2316 201 2377 silio
222 2336 259 2375 ac
280 2318 361 2396 prius
379 2316 509 2387 meliore,
531 2326 615 2376 tanto
635 2318 725 2375 etiam
746 2324 854 2375 eventu
870 2315 999 2376 feliciore
1020 2338 1089 2377 usus

133 2425 200 2481 asu
223 2412 465 2491 diligentiamque
477 2414 542 2491 ejus
559 2430 617 2471 non
629 2410 718 2471 modo
735 2412 874 2470 securitas
886 2412 1023 2482 bostium,
1037 2414 1088 2472 sed

133 2511 227 2568 etiam
238 2508 363 2568 fortuna
382 2507 465 2567 favor
477 2508 574 2586 juvit:
595 2506 686 2566 densa
703 2509 782 2566 enirn
799 2507 908 2565 nebula
927 2518 1089 2587 opportune
1147 2570 1153 2580 ,

132 2606 214 2664 texit
232 2604 434 2673 accedentem,
448 2604 587 2683 priusque
599 2604 810 2683 propemodum
821 2604 898 2662 intra
910 2604 1016 2662 moenis
1033 2602 1090 2663 luit

133 2704 232 2761 victor
251 2702 410 2771 exercitus,
432 2720 520 2779 quam
541 2720 687 2759 reversum
708 2700 890 2760 Crotoniatae
910 2700 1088 2761 didicissent

136 2798 243 2877 Atque
256 2800 345 2875 hujus
354 2798 484 2857 victoria
497 2816 549 2877 per
560 2816 591 2855 se
601 2796 672 2855 setis
683 2814 792 2873 magna
811 2794 926 2863 letitia,
947 2804 981 2852 ut
997 2794 1088 2854 ferme

135 2903 271 2953 neutram
279 2894 308 2952 in
322 2902 434 2974 partem
447 2892 652 2952 fortunatenet
659 2890 790 2962 modum,
798 2890 864 2949 aliis
871 2888 995 2949 subinde
1002 2891 1088 2951 rebus

134 2990 218 3049 haud
228 2992 325 3049 minus
334 2988 569 3048 laetiscumulata
578 2998 633 3049 est.

176 3094 206 3146 8.
222 3084 428 3145 Nicomachus
437 3086 526 3155 enim,
537 3085 688 3144 intellecto
699 3104 730 3143 se
744 3085 774 3142 in
784 3102 909 3142 errorem
921 3082 1088 3143 inemenda-

134 3182 227 3241 bilem
240 3182 387 3251 incidioee,
403 3180 473 3241 dum
492 3181 619 3241 incertus
635 3178 751 3241 consilii
761 3179 922 3239 Tarentum
935 3177 1021 3249 redit,
1034 3198 1088 3237 ex·

133 3288 241 3359 ceptus
258 3298 277 3337 a
295 3277 410 3337 Rufino
435 3296 572 3355 magnam
592 3296 708 3337 suorum
729 3287 842 3357 partem
860 3276 968 3345 ambit,
978 3282 1010 3334 et
1020 3295 1088 3334 cum

133 3375 259 3454 reliquis
274 3374 325 3433 vix
343 3374 372 3432 in
387 3382 483 3432 tutum
501 3372 618 3453 elapsus
632 3382 692 3442 est:
715 3394 794 3444 cum,
809 3392 897 3433 unam
916 3375 1016 3432 urbem
1033 3372 1087 3431 de·

134 3470 263 3530 tendisse
282 3490 339 3529 non
354 3478 518 3540 contentus,
531 3470 606 3529 duas
623 3470 804 3551 perdidisset
846 3468 931 3529 Nam
952 3479 983 3529 et
1000 3468 1087 3529 Locri

134 3588 270 3627 succosa
277 3566 333 3625 istc
341 3566 474 3636 animati,
482 3566 617 3646 praesidic
625 3567 738 3649 Pyrrhi
745 3568 1086 3648 praefectoque,quorum
1098 3576 1139 3641 Ap
1156 3578 1253 3643 isamp.

136 3665 259 3743 injurias
270 3662 381 3723 diutius
390 3664 502 3742 perpeti
515 3664 686 3743 nequibant,
699 3664 862 3735 trucidatis,
873 3662 912 3722 ad
927 3662 1086 3721 amicitiam
1099 3594 1180 3693 VJ*

139 3760 381 3820 Romanorumse
394 3758 589 3818 contulerunt
631 3758 737 3819 Rebus
748 3760 875 3819 adhunc
886 3758 1006 3817 modum
1019 3776 1087 3836 pro·

136 3856 321 3926 cedentibus,
335 3874 392 3914 non
403 3854 470 3915 ideo
491 3856 520 3913 in
541 3864 655 3915 tantum
675 3856 845 3918 ceciderant
862 3854 952 3914 animi
974 3852 1091 3911 Samni·

135 3954 209 4013 tium
222 3962 444 4029 ceterorumque
463 3952 647 4031 populorum,
669 3954 741 4033 quin
760 3972 847 4033 super
865 3949 981 4009 insitam
995 3949 1090 4028 pervi-
1153 3983 1156 3991 -

135 4050 262 4119 cociam,
273 4068 326 4128 spe
340 4066 457 4127 quoque
468 4047 578 4128 Pyrrhi
592 4050 677 4128 regis,
691 4058 722 4109 et
730 4048 869 4107 nuntiatis
878 4047 942 4124 ejus
949 4046 979 4104 in
988 4044 1092 4104 Sicilia

136 4146 330 4215 successibus,
349 4143 389 4203 ad
406 4144 504 4203 omnia
526 4164 591 4224 quae
613 4166 674 4206 sors
693 4146 807 4205 ferebat
827 4142 1016 4225 perpetienda
1028 4162 1090 4200 sus·

136 4250 329 4307 tentarentur.
