2917 4767
486 395 558 443 nrn.
582 392 670 442 xxr.
692 393 774 444 aar.
795 378 830 443 8.
1125 380 1211 449 leue

93 536 329 603 multitudinis
357 536 575 617 incremento,
605 557 666 603 seu
696 538 877 603 sanctitate
905 536 1115 628 discipline,
1139 560 1210 623 que

93 636 206 703 iidem
220 639 385 704 socialem
400 640 566 722 usquead
583 640 764 723 perniciem
779 658 874 703 suam
889 639 1068 705 coluerunt.
1113 640 1208 705 Hau-

94 740 213 819 nibal,
232 740 361 805 iniesto
383 740 533 805 exercitu
553 742 722 825 ingressus
747 742 843 819 fines,
859 742 1058 825 pervastatis
1080 743 1210 824 passim

94 840 207 921 egris,
228 844 346 907 urbem
368 842 533 925 tripartito
556 842 755 925 aggreditur.
799 840 953 925 Augulus
973 842 1061 905 muri
1082 850 1154 907 erat
1175 844 1210 907 iu

95 942 291 1023 planiorem
313 944 608 1028 patentioremque,
621 960 724 1026 quam
746 928 856 1007 ceterlt
879 943 982 1018 circa,
997 940 1119 1005 vallem
1135 961 1210 1006 ver·
1254 1016 1258 1022 ,

95 1064 198 1126 gens.
237 1046 412 1111 Adversus
426 1064 502 1110 eum
517 1046 635 1112 vineas
649 1042 761 1128 agere¹
775 1044 933 1121 instituit,
946 1064 1007 1127 per
1018 1062 1104 1128 quas
1120 1047 1209 1111 aries

94 1148 277 1213 moenibus
303 1146 475 1212 admoveri
500 1156 628 1229 posset.
688 1146 755 1212 Sed
783 1153 823 1210 ut
847 1146 946 1209 locus
971 1147 1088 1230 procul
1113 1166 1208 1212 mero

95 1250 189 1313 satis
220 1268 344 1332 oequus
373 1248 508 1331 agendis
534 1248 640 1311 vineis
662 1247 745 1326 iuit3
772 1247 822 1312 ita
841 1247 1106 1332 haudquaquam
1131 1269 1207 1331 pre·

97 1368 218 1431 spere,
241 1358 423 1433 postquam
450 1349 491 1412 ad
517 1347 671 1412 effectum
686 1349 811 1431 operis
836 1354 969 1413 ventum
993 1357 1057 1427 est,
1081 1352 1207 1434 coeptis

97 1450 320 1517 succedebat.
364 1449 408 1515 Et
428 1452 528 1515 turris
550 1450 667 1531 ingens
688 1449 961 1515 imminebatt'et
974 1469 1097 1528 murus,
1112 1459 1152 1515 ut
1172 1452 1208 1516 in

98 1558 267 1636 suspecto
287 1552 376 1629 loco,
397 1570 499 1634 supra
522 1557 643 1615 ceterae
667 1550 813 1636 modum·
826 1550 1016 1617 altitudinis
1038 1552 1207 1618 emunitus

99 1651 213 1717 erat:·'
235 1658 273 1716 et
288 1652 452 1735 juventus
473 1650 615 1727 delecta,
629 1650 688 1715 ubi
703 1652 881 1737 plurimum
898 1652 1038 1735 periculi
1053 1672 1095 1717 ac
1114 1654 1208 1718 lube-

98 1753 185 1815 ris¹⁷
209 1753 457 1829 ostendebatur,
470 1752 519 1817 ibi
540 1754 575 1817 vi
590 1752 715 1836 majore
730 1752 981 1818 obsistebant-¹¹
1021 1752 1076 1818 Ae
1097 1754 1208 1838 prime

99 1852 292 1918 missilibus
316 1870 523 1917 summovere
544 1855 685 1931 hostem,
705 1873 768 1918 nec
791 1855 971 1940 quicquam
992 1855 1079 1918 satis
1097 1861 1207 1920 tutum

99 1954 333 2019 munientibus
358 1953 453 2037 pati!
496 1955 626 2019 Deinde
643 1957 716 2040 jam
741 1973 810 2019 nou
832 1972 894 2037 pro
919 1954 1087 2018 moenibus
1107 1954 1207 2021 modo

99 2062 208 2139 atque
230 2056 313 2120 turri
335 2057 402 2120 tela
422 2055 556 2133 micare,
572 2056 632 2120 sed
649 2055 692 2119 ad
706 2054 948 2137 erumpendum
962 2054 1065 2118 ctiam
1084 2054 1120 2117 in
1138 2060 1208 2121 sta-

100 2157 212 2220 tiones
227 2148 398 2239 operaque
411 2156 558 2219 bostium
574 2156 705 2219 animus
720 2160 792 2219 erat
801 2154 826 2219 :⁸
847 2154 971 2239 quibus
984 2154 1206 2219 tumultuariis

99 2256 344 2320 certaminibus
358 2247 449 2320 haud
465 2254 565 2319 ferme
584 2256 697 2337 plures
711 2254 889 2337 Saguntini
911 2254 1087 2331 cadebant,
1103 2275 1206 2339 quam

100 2354 216 2421 Poeni.
256 2354 307 2419 Ut
319 2374 396 2420 vero
412 2355 580 2419 Hannibal
594 2356 679 2437 ipse,
691 2354 770 2419 dnm
781 2374 910 2420 murum
921 2356 1090 2421 incautius
1104 2358 1207 2438 subit,

100 2458 287 2523 adversum
298 2457 431 2549 semar·
442 2453 588 2537 tragulak
599 2456 743 2538 graviter
751 2458 838 2522 ictus
849 2458 990 2538 cecidit;
1011 2459 1207 2524 tantacircu

99 2558 185 2638 suga
200 2576 243 2621 ac
258 2558 443 2641 trepidatio
456 2556 528 2635 fuit,
542 2564 581 2621 ut
597 2576 665 2623 non
680 2557 822 2623 multum
837 2560 987 2637 abesset,
1000 2560 1082 2643 quin
1102 2578 1207 2643 opera
1233 2570 1240 2583 ·

101 2678 145 2724 ac
158 2660 269 2723 vineae
283 2658 518 2722 desererentur.

145 2761 180 2826 8.
203 2760 351 2825 Obsidio
372 2758 492 2823 deinde
515 2776 575 2840 per
589 2757 807 2840 paucosdies
823 2758 946 2841 magis,
960 2778 1062 2842 quam
1076 2779 1207 2846 oppug-

102 2862 208 2939 natio,
223 2862 297 2940 init,
314 2860 393 2923 dum
415 2860 533 2924 vulnus
550 2857 645 2921 ducis
661 2866 840 2924 curaretur.
886 2859 952 2923 Per
965 2859 1057 2942 quod
1072 2868 1205 2945 tempus

105 2973 141 3029 ut
162 2964 263 3047 quies
283 2961 497 3026 certaminum
516 2964 599 3037 erat,
613 2958 665 3024 ita
686 2960 729 3023 ab
745 2966 913 3045 apparatu
926 2979 1063 3044 operum
1076 2980 1119 3027 ac
1134 2981 1206 3029 mu·

137 3144 1207 3269 lssmtlrl'ffrfaiuuuwtmmmmaoqememmm

103 3272 514 3394 &wenemecumbe
524 3331 687 3395 mirahatur,
698 3331 865 3382 adcedebat
875 3329 1016 3393 &miri
1024 3332 1065 3393 ic.
1196 3343 1200 3348 ·

136 3408 155 3433 ¹·
173 3398 391 3463 lrpcrtrsemorir
399 3400 527 3448 anteriore.

567 3523 747 3545 OONOmOm

137 3630 169 3677 lt
193 3624 246 3675 ‘In
259 3629 369 3687 quotuor
379 3622 483 3686 scriptio
495 3623 620 3686 reperisse
637 3622 757 3672 memini:
772 3620 911 3671 retineris
943 3616 1149 3671 lltricAldloe:
1165 3619 1205 3670 ric

105 3706 162 3807 qaia
177 3704 210 3739 ue
230 3690 302 3740 Flor.
319 3696 348 3738 et
367 3686 519 3738 (lodicum.³
535 3688 563 3737 J.
585 3688 613 3738 F.
632 3688 804 3737 Granum-18
819 3686 881 3737 Vct.
899 3684 944 3735 lib.
961 3684 1031 3750 apud
1052 3684 1142 3746 Sigon.
1165 3684 1206 3733 σὸν

601 3844 713 3896 noun
783 3814 820 3911 ,'

135 3948 142 3982 ¹
162 3946 248 3995 Virecr
255 3944 339 4008 cgere]
351 3940 420 3992 Gall.
433 3939 557 3991 Friredrr
566 3940 633 4003 gule·
675 3940 793 3990 Fuerunt
811 3942 898 3988 eutem
913 3935 966 3985 due
983 3934 1141 3997 tragularum
1158 3948 1203 3997 ge-

106 4023 152 4073 rier
160 4038 222 4087 porr
233 4019 389 4086 oppremere
397 4022 498 4074 cerret,
513 4032 543 4067 or
553 4023 635 4069 ruber
673 4030 749 4066 uera:
766 4014 822 4064 ellae
834 4026 919 4076 manu,
929 4010 985 4060 alie
997 4009 1134 4060 tormentis
1144 4012 1204 4063 mit·

106 4090 372 4161 mercembtoltee.
675 4092 806 4146 tebrntur,
817 4093 845 4137 et
859 4088 897 4137 bae
914 4088 1027 4137 rtrocier
1043 4086 1203 4152 cruciabunt,

135 4170 284 4236 ῑΤναῃΙα]
302 4171 393 4221 Genua
409 4169 460 4220 iuit
476 4170 532 4231 teli,
547 4170 635 4219 river
675 4174 702 4219 et
728 4168 880 4231 plerumque
906 4170 1008 4216 acutum
1035 4170 1081 4216 rut
1108 4178 1203 4233 corpur

104 4248 339 4319 rejiciendorum
355 4261 373 4299 r
387 4245 513 4298 trahendo
529 4246 635 4299 dictum.
675 4239 930 4297 trrntrerberrbrnt·
