2917 4767
265 378 355 449 2010
745 396 781 443 r.
806 364 900 445 nr'vrr

268 542 333 619 sul,
346 560 368 605 a
390 538 594 624 primoribus
616 538 759 605 accitus.
807 540 873 605 Die
887 559 952 605 uno
967 539 1164 605 Suessulam
1182 558 1205 605 a
1220 538 1381 618 Calibus,
1457 524 1458 529 ἵ

266 662 343 709 cnm
357 640 543 707 Vulturnus
564 643 672 707 amnis
696 642 921 726 trajicientem
944 648 1095 707 moratus
1108 647 1212 719 esset,
1235 647 1380 707 conten·

265 745 370 809 derat.
415 743 498 809 Inde
512 745 667 828 proxima
686 750 785 809 nocte
805 764 865 809 sex
886 745 990 807 millia
1006 742 1157 828 peditum
1173 744 1383 827 equitesque

265 852 449 925 trecentos,
463 848 522 931 qui
546 846 709 931 praesidio
730 848 862 912 senatui
886 854 1010 923 essent,
1027 844 1151 910 Nolam
1168 845 1382 909 intromisit:

266 956 315 1027 et,
328 952 377 1014 uti
392 970 415 1013 a
428 949 566 1015 consule
581 950 694 1014 omnia
715 949 856 1032 impigre
872 950 962 1015 iacta
981 948 1117 1015 suntad
1134 966 1383 1031 praeoccupan-

269 1050 348 1117 dam
371 1050 511 1129 Nolam,
532 1052 583 1116 ita
607 1050 783 1116 Hannibal
806 1061 941 1135 tempus
964 1033 1113 1131 ter'ebat3
1136 1050 1190 1115 bis
1205 1049 1282 1133 jam
1301 1060 1385 1114 ante

267 1154 491 1238 nequicquam
517 1161 649 1219 tentata
676 1172 727 1231 re,
760 1154 891 1236 segnior
920 1153 964 1218 ad
993 1152 1199 1219 credendum
1229 1150 1384 1217 Nolanis

213 1306 217 1311 .
270 1253 399 1320 factus.

312 1357 367 1420 14.
391 1353 518 1419 lisdem
542 1353 664 1419 diebus
691 1362 726 1419 et
752 1354 797 1433 Q.
822 1354 949 1421 Fabius
975 1355 1094 1421 consul
1113 1353 1157 1420 ad
1185 1354 1382 1419 Casilinum

268 1457 472 1534 tentandum,
486 1455 580 1540 quod
604 1455 765 1540 praesidio
792 1456 926 1521 Punico
950 1459 1136 1535 tenebatur,
1151 1458 1264 1536 venit;
1287 1463 1323 1520 et
1338 1456 1382 1521 nd

268 1559 508 1636 Beneventum,
530 1558 622 1622 velut
644 1576 688 1620 ex
714 1558 922 1641 composito,
942 1568 1038 1642 parte
1058 1559 1166 1623 altera
1184 1558 1319 1623 Hanno
1337 1578 1381 1623 ex

268 1661 412 1727 Bruttiis
426 1680 502 1725 cum
520 1679 642 1742 magna
662 1660 812 1743 peditum
832 1662 1051 1744 equitumque
1071 1678 1185 1736 mann,
1201 1660 1306 1724 altera
1321 1660 1381 1724 Ti.

269 1763 448 1829 Gracchus
463 1764 507 1828 ab
524 1762 674 1827 Luceria
684 1762 850 1827 accessit:
866 1764 923 1844 qui
936 1763 1042 1845 primo
1052 1762 1218 1845 oppidum
1228 1762 1382 1827 intrarit.

269 1864 413 1940 Deinde,
431 1870 466 1929 ut
481 1864 685 1928 Hannonem
702 1862 768 1927 tria
783 1862 889 1927 millio
900 1862 1003 1927 ferme
1016 1864 1060 1927 ab
1072 1864 1155 1927 urbe
1167 1863 1213 1926 aul
1222 1862 1380 1929 Calorem

268 1965 435 2031 fluvium?
461 1974 575 2031 castra
597 1965 756 2048 posuisse
781 1972 815 2030 et
837 1965 916 2029 inde
938 1984 1052 2045 agrum
1068 1966 1224 2048 populari
1240 1964 1380 2042 audiuit,

270 2078 307 2134 et
330 2068 420 2151 ipse,
440 2085 599 2149 egressus
622 2068 800 2143 moenibus,
825 2066 1046 2134 milleforme
1072 2086 1196 2148 passus
1221 2068 1268 2131 ab
1285 2066 1381 2131 hoste

270 2176 382 2235 castra
398 2169 499 2245 locat,
522 2167 637 2251 ibique
656 2168 853 2231 concionem
877 2163 1018 2231 militum
1036 2166 1162 2230 habuit.
1209 2165 1380 2247 Legiones

269 2289 391 2351 magna
406 2288 453 2331 ex
468 2275 562 2349 parte
577 2268 734 2331 volonum
748 2266 940 2347 habebot3q
956 2266 1013 2349 qui
1020 2266 1092 2351 jam
1105 2268 1246 2333 alterum
1257 2288 1378 2333 annum

268 2368 455 2433 libertatem
472 2369 574 2431 tucite
588 2368 718 2444 mereri,
730 2388 832 2452 quarn
849 2367 1020 2451 postulare
1040 2370 1166 2452 palam,
1179 2372 1379 2435 maluerant.

270 2470 430 2533 Senserat
442 2475 565 2545 tamen,
574 2467 730 2552 hybernis
742 2470 928 2551 egrediens,
942 2489 1089 2533 murmur
1104 2471 1137 2533 in
1153 2472 1294 2552 agmine
1309 2491 1380 2537 esse

266 2567 505 2655 querentium,
528 2574 593 2633 ‘en
608 2588 758 2654 unquam
782 2570 902 2635 libori⁹
917 2571 1088 2636 militaturi
1104 2572 1252 2636 essentl’
1274 2574 1378 2656 scrip·

270 2679 424 2757 scratqne
447 2673 595 2749 senatui,
615 2691 684 2736 non
707 2680 775 2736 tam
800 2673 882 2756 quid
904 2671 1146 2752 desiderarent,
1170 2695 1276 2759 quam
1301 2676 1377 2760 qnid

270 2775 493 2838 meruissent:
517 2776 632 2839 ‘bona
654 2771 804 2859 sortique
825 2792 928 2857 opera
953 2793 1063 2838 eorum
1081 2794 1118 2838 se
1135 2774 1178 2839 ed
1195 2796 1275 2841 eam
1291 2777 1376 2841 diem

270 2894 386 2939 nsum:
420 2893 532 2957 nequo
560 2874 603 2937 ad
632 2874 825 2956 exemplum
850 2874 937 2956 justi
967 2876 1082 2939 militis
1110 2879 1297 2961 quicquam
1323 2880 1378 2952 eis,

270 2984 397 3059 praeter
419 2976 622 3051 libertatem,
649 2972 792 3039 deesse!
837 2974 891 3039 Do
914 2994 958 3038 eo
983 2976 1184 3059 permissum
1207 2979 1276 3063 ipsi
1300 2988 1377 3054 eret,

270 3075 408 3150 faceret,
424 3076 544 3159 quode
559 3094 594 3139 re
609 3076 747 3159 publica
759 3075 897 3141 duceret
911 3096 1001 3151 esse,
1024 3078 1146 3161 Itaque
1162 3080 1270 3163 prins,
1280 3101 1375 3165 quam

272 3194 349 3239 cnm
365 3176 465 3240 hoste
480 3195 616 3241 manum
633 3191 832 3257 consereret,
848 3181 1050 3262 pronuntiat,
1067 3184 1078 3215 ‘
1093 3190 1228 3265 ternpus
1245 3184 1376 3247 venisse

185 3282 188 3286 ’
273 3280 325 3343 eis
336 3287 364 3318 ¹⁰
383 3280 563 3358 libertatis,
582 3300 685 3365 quam
704 3281 764 3346 diu
781 3288 985 3364 sperassent,
1001 3284 1188 3366 potiundae.
1233 3285 1374 3349 Postero

272 3378 329 3443 die
342 3381 446 3463 signis
462 3382 595 3447 collatis
609 3381 842 3447 dimicaturum
856 3402 945 3466 puro
958 3402 999 3449 ac
1012 3385 1140 3468 patenti
1156 3394 1304 3469 cumpo,r
1319 3386 1371 3450 nbi

737 3563 920 3584 ”munuc

305 3672 323 3718 9
340 3668 513 3736 nemaeum,
528 3687 678 3738 uunqme
692 3678 762 3729 litera·
781 3678 848 3730 Edu.
868 3684 929 3729 ante
948 3678 1135 3731 tironos-itt
1147 3680 1209 3742 liius
1221 3680 1290 3733 Edu.
1303 3698 1317 3733 ι
1328 3684 1372 3745 Cn·

775 3840 884 3892 NO'l'AE

305 3953 319 3988 Ρ
334 3944 376 3995 An
395 3945 505 3997 cumen
512 3949 631 4014 flaviana]
648 3952 722 4003 Aliae
740 3954 811 4004 Cete-
876 3962 889 3997 t
904 3955 1017 4007 Votorum
1028 3954 1141 4019 lulelm]
1157 3957 1297 4007 Servorum
1309 3972 1370 4007 nesr-

272 4032 335 4069 um.
369 4017 460 4070 Amnis
481 4031 523 4073 ert
544 4040 576 4073 ex
601 4027 739 4091 Apennino
761 4042 808 4093 per
844 4044 888 4095 pe,
905 4033 949 4095 qni
969 4032 1102 4081 voluntate
1120 4046 1192 4081 erma
1207 4044 1329 4097 ceperant
1344 4034 1369 4083 li·

273 4092 443 4153 Hirpinorum
466 4097 597 4159 regionem
617 4102 644 4149 in
663 4101 808 4153 Sabbatum
843 4107 952 4156 bertarit
964 4106 1139 4169 adipiscendo
1150 4121 1237 4157 mura.

157 4188 160 4195 -
273 4163 397 4224 detinens,
409 4180 460 4215 non
473 4174 562 4231 proenl
571 4176 734 4227 Benevento.
755 4179 807 4229 Vs·
876 4180 1200 4247 'Pruoucputentieaarm
1212 4182 1300 4233 Purus
1308 4198 1368 4235 carn·

274 4246 317 4289 tnr
329 4252 423 4289 nomeu
434 4242 517 4293 adnue
529 4248 637 4299 retinet.
843 4269 892 4319 pue
908 4256 949 4306 hic
966 4257 1123 4321 appellatur,
1134 4272 1194 4316 nou,
1207 4264 1238 4309 ut
1254 4260 1320 4323 aput
1329 4261 1367 4323 ju·
