2917 4767
456 407 530 455 nra.
553 405 673 456 xxrrr.
695 408 777 456 car.
798 390 854 456 35.
1121 396 1209 462 1955

76 554 236 618 tirones
247 555 308 638 (ea
321 551 469 617 maxima
483 571 562 634 pars
575 553 729 617 volonum
744 549 851 628 erat)⁴
864 560 1097 618 assuescerent
1112 556 1208 638 sigua

77 657 217 740 sequi,
246 663 282 720 et
310 655 345 719 in
374 655 448 719 acie
479 673 662 735 agnoscere
691 654 826 718 ordines
855 673 947 718 suos.
1008 655 1099 720 Inter
1129 677 1208 739 quae

78 758 259 822 maxima
274 757 379 821 inerat
394 775 476 820 cura
490 755 594 830 duci,³
602 751 616 791 ¹⁸
631 758 745 838 itaque
759 755 881 837 legatis
896 757 1108 841 tribunisque
1122 778 1209 841 prm·

81 865 259 941 ceperat,
281 863 348 922 ‘ue
370 876 437 941 qua
457 859 673 940 exprobratio
698 855 877 940 cuiquam⁶
901 859 1025 923 veteris
1050 857 1209 923 fortunoe¹

81 959 312 1024 discordiam
326 959 412 1023 inter
425 960 560 1023 ordines
580 966 725 1024 sereret:
747 967 846 1024 vetus
866 959 966 1022 miles
990 960 1104 1037 tironi,
1125 961 1211 1025 liber

81 1061 225 1124 voloni
241 1079 317 1125 sese
333 1061 509 1142 exaequari
531 1061 674 1125 sineret:
697 1079 812 1124 omnes
835 1060 921 1123 satis
940 1062 1097 1125 honestos
1112 1081 1209 1143 geue·

84 1181 275 1246 rususque
291 1163 457 1241 ducerent,
476 1165 598 1244 quibus
614 1181 707 1226 arma
723 1182 787 1226 sua
801 1162 965 1243 signaque
976 1162 1122 1244 populus
1138 1161 1209 1226 Ro·

85 1264 468 1328 manuscommisisset.
491 1261 580 1341 Quae
591 1263 725 1328 fortuna
737 1262 907 1344 coegisset
916 1264 963 1328 ita
971 1262 1055 1338 fieri,
1064 1264 1209 1329 eandem

89 1384 229 1447 cogere
252 1365 334 1450 tueri
357 1363 508 1430 lactum?
552 1365 604 1430 Ea
630 1385 696 1430 uon
722 1367 847 1450 majore
868 1384 949 1428 cura
972 1371 1144 1448 praecepta
1166 1364 1210 1430 ab

92 1467 255 1532 ducibus
270 1473 361 1544 sunt,
383 1485 485 1549 quam
500 1487 521 1532 a
534 1469 698 1533 militibus
715 1470 919 1532 observata:
942 1468 1101 1550 brevique
1116 1473 1211 1531 tauta

94 1569 296 1633 concordia
320 1568 517 1633 coaluerant
538 1571 685 1634 omnium
710 1570 824 1640 animi,
845 1575 883 1632 ut
907 1587 1012 1652 prope
1034 1570 1069 1632 iu
1093 1568 1212 1632 oblivi-

96 1689 207 1735 onem
239 1673 394 1749 veuiret,⁷
426 1689 493 1753 qua
523 1690 567 1734 ex
598 1671 791 1736 conditione
817 1672 961 1754 quisque
992 1676 1084 1734 esset
1111 1671 1211 1734 miles

94 1773 234 1836 faetus.
279 1771 369 1837 Hree
394 1771 507 1854 agenti
531 1771 688 1837 Graccho
714 1773 815 1853 legati
840 1770 985 1835 Cumani
1008 1771 1211 1848 nuntiarunt,

98 1893 187 1956 quae
202 1893 224 1937 a
237 1871 420 1956 Campanis
435 1874 559 1955 legatio
574 1892 705 1956 paucos
718 1881 798 1936 aute
814 1873 890 1936 dies
905 1872 1067 1949 venisset,
1083 1872 1212 1955 etquid

99 1975 151 2038 iis
167 1975 235 2057 ipsi
250 1975 518 2057 respondissent:
534 1976 680 2041 triduum
696 1981 863 2058 postcom
879 1976 969 2039 diem
981 1975 1098 2038 festum
1113 1991 1212 2037 esse:

102 2095 179 2140 nou
195 2082 343 2141 senatum
358 2077 465 2140 solum
486 2095 617 2140 omnem
638 2077 686 2140 ibi
709 2076 871 2154 futurum,
896 2075 957 2139 sed
982 2082 1094 2138 castra
1108 2074 1213 2138 etiam

102 2185 140 2242 et
156 2178 339 2241 exereitum
352 2177 572 2260 Campanum.
602 2176 790 2254 Gracchus,
800 2176 908 2261 jussis
921 2174 1083 2240 Cumanis
1096 2173 1214 2240 omnia

106 2297 156 2343 ex
172 2281 262 2360 agris
278 2279 313 2342 iu
329 2280 440 2342 urbem
456 2277 650 2354 convehere,
673 2285 708 2342 et
727 2298 859 2343 manere
880 2278 970 2342 intra
993 2295 1118 2354 muros,
1140 2279 1214 2362 ipse

106 2379 232 2463 pridie,
252 2401 355 2465 quam
377 2379 524 2443 statum⁸
549 2379 753 2444 sacrificium
769 2379 954 2464 Campanis
967 2387 1068 2457 esset,
1089 2378 1215 2444 Cumas

107 2489 226 2546 movet
252 2488 374 2546 castra.
418 2479 543 2544 Hamae
565 2481 642 2544 iude
667 2483 730 2546 tria
753 2483 860 2546 millia
888 2501 1052 2564 passuum
1078 2482 1214 2545 absunt.

107 2581 190 2646 Jam
215 2582 383 2664 Campani
405 2601 446 2646 eo
469 2581 664 2663 frequentes
695 2601 744 2645 ex
768 2584 959 2664 composito
984 2587 1215 2658 couvenerant,

109 2701 177 2747 uec
202 2684 318 2765 procul
336 2683 411 2747 iude
431 2683 465 2746 iu
491 2680 627 2746 occulto
649 2680 780 2745 Marius
795 2681 940 2745 Altiusm
964 2681 1216 2746 Medixtuticus

575 2826 588 2847 0
592 2827 678 2848 000000
681 2827 755 2849 00000

108 2936 124 2979 ⁵
143 2937 151 2959 ¹
165 2929 233 3006 later
242 2943 294 2992 qeoe
305 2930 433 2978 mucordiae
450 2927 556 2977 maxima
571 2933 625 2977 eret
641 2944 698 3008 rure
708 2929 763 2978 daci
774 2927 841 2977 Edd.
857 2935 918 2977 aute
934 2928 1050 3004 Gronov.
1070 2926 1156 3038 blrrtu
1165 2939 1218 3036 ops

112 2992 1044 3133 assultutulllilutltqlt‘{simulaturus
1049 2990 1218 3104 ididia?

110 3121 205 3172 Strort.
240 3122 300 3183 Vid.
317 3121 363 3171 inf.
381 3130 408 3171 et
426 3123 492 3172 Not.
508 3122 620 3171 Van-tt
639 3124 677 3172 Ne
693 3139 766 3186 qaum
783 3123 934 3186 erprobretro
950 3120 1217 3183 aequandarum

611 3251 716 3302 lucrm

147 3349 247 3396 ¹*luter
262 3361 314 3412 qaae
332 3347 437 3396 maxime
448 3346 529 3396 inerut
543 3346 649 3410 [corror-
690 3347 801 3396 marium
814 3353 953 3396 esretcrrre
965 3343 1128 3406 Sempronio.

114 3427 274 3476 diamuxr'rnc
283 3423 489 3488 aethelredum]
500 3424 649 3490 Vulgoa‘tu·
723 3421 730 3456 ¹
747 3423 907 3487 Exprobrotio
917 3423 1025 3486 utquam
1040 3421 1129 3470 ceteris
1137 3420 1221 3479 finta-

114 3518 159 3566 que
169 3502 298 3550 concordia
314 3501 420 3550 mommo
436 3505 487 3549 erut
507 3517 564 3552 curo
578 3501 648 3552 duci.-
689 3501 739 3565 κω]
759 3499 823 3550 llaec
846 3500 990 3562 prasertim
1008 3497 1043 3546 ob
1061 3496 1166 3546 volones
1186 3511 1221 3546 ex

115 3579 228 3628 murmir
239 3578 385 3627 Gronovius
396 3579 463 3641 quod
481 3578 560 3640 aliqui
577 3578 648 3626 meli-
689 3576 776 3624 servili
788 3576 938 3626 conditione
949 3576 975 3623 in
993 3573 1110 3622 militiam
1126 3585 1220 3622 novam

115 3667 189 3702 orum
205 3654 321 3702 codicum
335 3651 648 3714 ignoreutrdcmcordioe:
689 3653 824 3702 admissor.
1110 3651 1116 3670 ¹

115 3729 185 3777 nude
197 3729 261 3776 illud
278 3729 367 3791 itaque,
379 3728 448 3790 quod
464 3729 590 3791 requitur,
605 3745 648 3778 ue·
721 3736 740 3762 ¹¹
756 3726 954 3792 MeriarAtfiar]
971 3727 1069 3777 Murius
1080 3727 1121 3777 bic
1131 3726 1222 3782 Alfius,

116 3814 162 3868 gat
179 3819 237 3854 erre
250 3805 361 3866 causato,
378 3803 423 3852 sed
441 3803 555 3866 positum
567 3817 614 3865 pro
624 3809 650 3853 et
689 3805 733 3869 qui
745 3819 857 3854 rrrmrous
869 3804 1054 3866 magistratus:
1073 3804 1099 3851 in
1117 3803 1223 3866 optimis

114 3882 161 3930 ita.
199 3881 296 3928 Verum
326 3879 463 3941 perspicae
490 3879 571 3940 uragis
599 3879 649 3927 erit
690 3881 825 3930 codicibus
845 3887 897 3940 ert,
920 3877 1016 3925 Murius
1037 3879 1124 3939 Alpiru
1143 3878 1223 3927 edixit

115 3959 258 4016 sententia,
269 3957 289 4004 ri
309 3956 467 4004 retineamus
484 3969 576 4004 nomen
595 3971 649 4005 corr·
689 3958 726 4004 uti
742 3956 784 4018 qui
799 3967 903 4002 samm
921 3952 1095 4013 magiarum.-
1118 3951 1187 4000 unde
1207 3967 1224 4002 a

115 4037 213 4095 mdioe,
223 4033 291 4096 quod
312 4039 339 4080 et
355 4033 445 4094 scripti
464 4045 514 4080 nou
533 4033 608 4095 pauci
623 4041 651 4081 et
690 4029 823 4079 Gronovio
844 4027 930 4077 tactus
949 4026 1137 4076 Medistrrtr'cur:
1153 4029 1222 4092 qnod

117 4113 181 4162 editi
194 4111 304 4170 trabem
319 4117 346 4157 et
357 4109 466 4158 suadem
475 4122 532 4172 qna
541 4122 650 4171 sequun-
691 4119 784 4156 nornen
798 4103 888 4151 sommi
901 4103 1063 4163 magistratus
1075 4103 1173 4165 Capera
1184 4102 1225 4152 l‘u·

118 4199 169 4238 tur.
206 4187 306 4249 Alioqui
324 4198 448 4246 stirpense
461 4183 650 4247 quodammodo
691 4184 743 4230 irre
753 4189 856 4229 constat
868 4191 902 4227 ex
912 4177 957 4226 lib.
969 4190 1052 4228 mv.
1064 4193 1087 4228 c.
1102 4183 1141 4228 ru.
1154 4181 1224 4228 ullis·

118 4271 188 4317 erret
205 4263 297 4326 oratio,
309 4275 358 4311 nce
371 4269 510 4325 appareret
527 4261 600 4325 cnjus
612 4262 650 4310 rei
691 4272 742 4324 qne
753 4256 824 4306 locis.
