2917 4767
726 318 763 370 'l'-
784 318 883 366 LlVll

400 468 525 536 lucrant,
539 486 576 525 ne
589 464 861 546 pacificiscensiliis
872 463 1038 527 valentibus
1052 463 1092 525 ad
1103 464 1283 547 supplicium
1295 468 1351 547 ipsi

400 562 583 631 dederentur,
599 562 740 640 increpito
759 560 860 638 vulgo,
879 559 979 640 ‘quod
999 563 1038 621 ab
1057 560 1174 621 homine
1195 565 1353 623 temerario

400 666 461 721 um
482 656 600 735 indigne
619 655 746 717 derideri
765 658 932 736 pateretur,’
953 658 1063 737 impetu
1084 656 1176 727 lecto,
1192 656 1352 719 Metonem

400 753 514 813 theatro
527 760 695 831 exegenunt.
733 750 795 822 Ita,
811 752 926 813 nemine
941 750 1079 833 deinceps
1098 751 1284 824 adversante,
1297 754 1353 814 de·

399 857 510 909 cretum
522 857 617 909 ratum
628 847 694 907 luit

439 949 490 1006 17.
512 944 559 1003 At
571 940 724 1003 Romanus
737 941 850 1013 consul,
863 962 931 1003 cum
943 941 1017 1002 nihil
1030 942 1070 1001 ab
1080 941 1247 1003 Tarentinis
1259 963 1351 1027 pece-

239 1046 324 1096 zcrrr.
399 1040 423 1099 ti
441 1037 670 1118 responderetur,
686 1046 826 1117 praeterea
840 1038 918 1097 mitti
932 1036 971 1097 ed
984 1038 1135 1117 Pyrrhum
1155 1037 1269 1116 legatos
1280 1060 1352 1100 cum

239 1142 390 1192 Oros-rm.
400 1134 566 1194 muneribus
586 1134 756 1213 accepisset,
770 1132 810 1193 ad
830 1132 902 1192 belli
922 1131 1046 1193 consilia
1064 1153 1229 1205 conversim,
1247 1154 1354 1213 agrum

400 1228 566 1309 populetur,
586 1228 698 1319 oppida
722 1227 783 1287 alia
807 1227 975 1309 pugnando,
997 1228 1059 1287 elia
1082 1226 1230 1289 deditione
1256 1232 1353 1309 cepit,

400 1324 508 1383 damno
529 1343 564 1383 ec
590 1332 696 1383 terrore
716 1322 845 1403 complet
864 1324 972 1383 omnis.
1013 1322 1174 1383 Mittuntur
1191 1326 1283 1384 etiam
1310 1325 1353 1385 ed

400 1417 597 1498 prohibendae
609 1418 730 1495 injuriae
743 1419 782 1476 ab
793 1417 923 1477 Tarento
934 1418 1046 1497 copia:
1060 1416 1096 1477 fit
1101 1417 1256 1479 conflictus
1262 1439 1332 1479 acer
1342 1441 1352 1478 ε

315 1548 323 1564 ·
399 1512 452 1573 sed
471 1514 616 1593 superiore
637 1512 787 1583 Romano,
801 1512 900 1573 multis
921 1532 1040 1573 sumum
1058 1513 1182 1582 emissis,
1196 1511 1299 1574 Graeci
1319 1517 1354 1575 in

399 1609 500 1669 urbem
515 1608 740 1689 compelluntur,
779 1608 916 1669 AEmilius
935 1609 1082 1686 regionem
1089 1627 1216 1668 omnem
1231 1610 1353 1690 impune

399 1712 497 1765 vestet
510 1704 634 1783 uritque.
663 1703 785 1763 Territis
796 1722 834 1762 ea
845 1701 931 1763 clade
943 1702 1121 1774 Tarentinis,
1134 1712 1168 1763 ut
1178 1704 1351 1779 multitudo,

398 1806 509 1879 quanto
521 1798 655 1859 secundis
665 1800 752 1858 rebus
763 1796 941 1869 insolentior,
955 1795 1085 1857 adversis
1096 1807 1179 1859 tento
1192 1800 1354 1879 impensius

399 1894 429 1953 in
441 1894 573 1954 timorem
586 1912 716 1974 preceps
736 1901 792 1964 cst,
806 1891 914 1971 Agidi,
925 1894 978 1971 qui
993 1891 1139 1953 Romana
1152 1895 1289 1955 amicitie
1303 1917 1350 1956 re·

399 1988 528 2050 tinendae
553 1986 708 2069 perpetuus
729 1997 832 2049 auctor
852 1987 960 2057 luerat,
983 1988 1136 2067 imperium
1161 1989 1350 2069 permittitur.

399 2082 601 2163 Cupiditatem
612 2101 752 2163 spemque
770 2082 853 2161 pecie
873 2091 1018 2143 euxerent
1037 2102 1076 2141 ex
1088 2083 1270 2162 principibus
1281 2086 1350 2165 qui-

399 2178 469 2237 darn
481 2177 520 2236 eb
537 2176 676 2237 Romano
695 2175 771 2235 duce
791 2176 913 2248 omisi,
926 2176 978 2256 qui
998 2177 1209 2239 humanitatem
1229 2180 1305 2255 ejus,
1319 2191 1352 2241 ct

398 2280 510 2333 ceteros
531 2272 621 2331 etiam
639 2271 815 2331 Tarentinos
836 2272 982 2352 superiore
1003 2271 1114 2352 praelio,
1128 2282 1180 2333 aut
1194 2294 1246 2354 per
1263 2294 1351 2353 agros

399 2368 506 2447 passim
519 2376 668 2445 exceptos,
681 2366 865 2445 indulgenter
872 2375 961 2447 atque
977 2368 1102 2445 benigne
1115 2368 1228 2440 heberi,
1240 2370 1350 2449 praedi-

397 2462 516 2527 cabant.

440 2563 490 2617 18.
512 2554 574 2615 Sed
595 2555 720 2615 mutavit
734 2556 847 2614 animos
860 2556 1011 2634 erexitque
1027 2553 1129 2616 Cinea
1144 2555 1265 2630 fiducia,
1279 2580 1350 2623 cem

400 2650 591 2711 auxiliaribus
603 2651 695 2731 copiis
707 2650 746 2709 ab
759 2649 852 2729 Epiro
863 2650 1016 2722 venientis.
1058 2648 1200 2730 Namque
1212 2653 1351 2732 Pyrrhus

399 2746 499 2825 ingens
512 2746 612 2817 animi,
626 2754 657 2805 et
670 2745 776 2823 Magni
790 2743 878 2805 modo
898 2742 1067 2805 Alexandri
1082 2747 1266 2807 aemulatione
1279 2768 1348 2808 ves·

398 2842 540 2901 tissimum
561 2841 713 2921 imperium
733 2860 786 2920 spe
806 2838 989 2920 complexus,
1002 2839 1074 2919 ipsis
1093 2842 1178 2921 quasi
1189 2841 1259 2902 latis
1271 2843 1348 2903 inri-

397 2936 538 3005 tentibus,
551 2934 590 2995 ed
610 2934 790 3016 perficienda
809 2953 877 3015 quse
894 2933 1068 2993 destinasset
1088 2934 1179 3014 pandi
1191 2937 1248 2997 sibi
1266 2938 1349 2999 riam

397 3031 545 3095 credebat.
587 3030 801 3107 Confirmatunr
813 3031 904 3089 etiem
916 3028 1027 3091 orectrli
1041 3029 1183 3111 Delphici
1193 3050 1266 3092 voce
1279 3052 1348 3093 uer·

400 3134 477 3197 rent,
490 3127 620 3205 ambigui
632 3124 752 3205 quidem
763 3143 873 3193 sensus,
886 3132 918 3183 et
930 3124 1070 3184 utramvis
1082 3126 1112 3183 in
1126 3134 1239 3206 partem
1250 3126 1349 3191 facilis

402 3220 493 3291 flecti,
504 3220 558 3279 sed
570 3220 649 3298 quod
669 3222 824 3299 interprete
843 3218 1005 3298 cupiditate
1022 3239 1075 3280 rex
1088 3240 1140 3300 pro
1151 3230 1241 3302 certo
1251 3231 1284 3281 et
1300 3243 1348 3284 se-

253 3324 319 3401 nug.
336 3324 367 3395 ‘¹9
402 3312 499 3374 cundo
519 3314 681 3394 acceperit:
710 3315 820 3406 quippe
839 3311 878 3371 de
897 3313 969 3373 belli
985 3313 1065 3394 quod
1075 3324 1260 3396 suscepturus
1271 3328 1348 3379 esset

236 3386 371 3501 fif-'¹2²¹'
399 3416 506 3469 eventu
518 3408 679 3469 consulenti
691 3408 838 3469 redditum
849 3428 1015 3489 responsum
1027 3408 1141 3471 lerunt:
1163 3420 1174 3447 ‘
1181 3431 1267 3491 pesse
1279 3432 1347 3475 curn

247 3515 387 3575 Emimsp.
400 3502 552 3568 &manos
575 3506 710 3565 vincere!
754 3503 815 3565 Sed
840 3503 917 3584 plus,
937 3506 1051 3585 opinor,
1073 3506 1235 3567 animorum
1253 3506 1348 3567 dabat

235 3577 387 3692 32²ssss
398 3596 558 3661 Tarentina
570 3600 690 3678 legatio,
703 3620 771 3681 quie
784 3619 824 3661 ex
838 3620 892 3661 sua
906 3599 1038 3671 civitate,
1052 3598 1248 3681 Lucanisque,
1263 3601 1346 3663 Mes·

398 3693 1346 3871 ,mucrene

322 3958 329 3972 ·
398 3888 480 3964 ginta
494 3888 625 3967 peditum
636 3888 779 3949 conscribi
792 3906 876 3966 posse
889 3884 1037 3946 attulerat
1078 3885 1142 3947 His
1152 3887 1241 3965 igitru
1252 3890 1347 3968 copiis

236 3958 355 4075 „ffif'fj
398 3982 424 4045 si
445 3982 597 4045 Romanos
617 3986 646 4044 in
667 3982 799 4043 ordinem
818 3982 987 4061 redegisset,
999 3981 1087 4042 ·lmud
1101 4000 1209 4060 magno
1228 3986 1346 4061 negotio

236 4084 303 4137 Plut.
399 4083 504 4139 cetere
517 4076 893 4141 leliaedominatiouemse
904 4077 1078 4159 adepturum
1089 4078 1236 4158 merebat.
1268 4078 1344 4141 lude
