2917 4767
390 368 498 417 arsur
521 366 638 416 xvrrr.
659 366 984 419 sorrnuurnruu.
1155 353 1244 421 1669

100 505 154 565 ibi
177 506 287 580 tieret,
300 516 366 568 tum
379 508 527 590 adipeam
538 512 728 583 etiamtum
741 509 781 571 ad
793 528 873 571 mue
886 510 1080 591 propinquum

101 611 252 679 nme
262 614 431 684 mneos·

152 704 216 757 20.
242 698 355 779 Neque
374 700 472 760 solum
491 698 624 760 Romani
641 700 713 759 belli
730 708 821 760 terror
840 701 1081 773 circumsteterat,
1094 706 1180 773 Polyb.

101 791 168 851 aed
193 792 239 851 N
239 793 350 853 umidae
370 815 500 873 quoque,
512 796 660 855 veteribus
670 796 758 867 odiis,
771 796 924 856 oemione
937 816 1015 855 nora
1029 799 1082 857 sti.

103 888 245 959 mulati,
257 909 344 949 arma
360 900 529 959 moverantr
550 891 752 971 vutandcque
771 900 804 952 et
820 890 930 951 urendo
951 892 1084 953 Punicos

105 1001 211 1060 agros
230 985 302 1064 plus
318 986 410 1044 edam
423 986 539 1045 terrens
550 996 583 1045 et
592 986 697 1057 cladis,
710 1007 800 1066 quam
814 986 970 1046 Romnum
981 988 1082 1060 hostis,

106 1078 315 1139 inserebant:
337 1090 368 1139 et
388 1082 417 1139 in
436 1082 537 1139 urbem
550 1081 679 1160 undique
691 1082 894 1161 confugientes
905 1082 1005 1141 rustici
1025 1103 1083 1143 non

106 1176 398 1235 contemtionem
418 1175 507 1236 modo
519 1176 690 1247 maximam,
703 1177 757 1237 sed
765 1180 832 1256 jam
844 1176 952 1237 iamem
966 1198 1083 1257 quoque

107 1268 303 1330 faciebant:
325 1272 496 1330 absumente
515 1291 653 1349 magnam
669 1292 794 1331 monte
806 1273 866 1331 vim
880 1280 963 1331 emta
975 1282 1082 1333 morta·

110 1363 207 1423 lium
226 1365 426 1434 multitudine,
439 1375 472 1425 et
490 1366 634 1444 reliquam
646 1366 744 1427 adhuc
758 1369 875 1447 copiam
887 1368 1010 1427 avaritia
1029 1368 1082 1430 do·

113 1461 279 1519 minorum
297 1460 477 1529 occultante,
491 1461 543 1540 qui
563 1481 603 1520 ex
621 1462 791 1521 calamitate
809 1460 928 1541 publica
940 1474 1083 1541 questum

113 1565 327 1635 aucupantes,
344 1576 411 1615 cum
433 1556 498 1635 ipsa
518 1576 613 1615 rarum
633 1558 859 1617 necessariarum
879 1560 1001 1637 penuna
1019 1580 1084 1639 pre·

116 1651 202 1709 tium
228 1651 390 1711 earundem
415 1661 534 1711 auctrrm
559 1653 594 1711 iri
618 1652 749 1731 quotidie
774 1653 941 1733 sperabunt.
993 1654 1083 1713 Unde

116 1744 245 1805 sactum
266 1756 315 1806 est
332 1755 366 1805 ut
382 1748 482 1825 pronis
493 1748 612 1806 auribus
624 1748 735 1825 legatio
749 1748 796 1807 M.
811 1747 923 1825 Reguli
936 1749 1084 1827 accipere·

117 1848 186 1911 tur,
200 1842 259 1921 qui
276 1840 350 1901 belli
365 1841 493 1901 confecti
505 1841 624 1901 titulum
637 1844 779 1911 ambiens,
794 1843 956 1921 timensque
970 1862 1007 1901 ne
1020 1844 1085 1921 quis

120 1934 238 1996 Roma
248 1956 397 1996 succemr
408 1937 511 1996 missus
518 1957 586 1999 eum
598 1937 794 2017 interciperet,
806 1937 917 1997 Poenos
930 1936 969 1997 ad
981 1952 1085 2017 pacem

122 2030 319 2091 hortabatum
1079 2056 1082 2063 ·

166 2134 226 2187 21.
249 2127 360 2207 Itaque
379 2128 457 2188 missi
477 2137 545 2188 sum
564 2128 604 2188 ad
622 2148 691 2189 eum
703 2127 824 2205 quidum
837 2146 876 2186 ex
889 2126 1083 2207 principibus:
1097 2127 1180 2177 zonas.

123 2220 182 2280 sed
194 2242 268 2282 cum
280 2243 301 2281 a
313 2222 360 2282 M.
375 2222 507 2300 Regulo,
520 2224 572 2302 qui
583 2244 616 2283 ee
629 2232 740 2283 certam
754 2223 784 2282 in
798 2242 885 2282 manu
896 2222 1007 2283 habere
1020 2224 1082 2283 vic·
1112 2225 1165 2273 Lis.
1180 2241 1246 2275 xxx.

123 2318 242 2377 torum
267 2318 402 2396 mant,
426 2318 625 2378 inermium
645 2318 826 2379 murrone
847 2318 916 2377 reni
939 2317 1082 2389 uacent,
1095 2292 1248 2427 lienes.

125 2412 247 2471 infecto
258 2414 377 2490 negoeio
388 2412 589 2472 dimmerunt.
630 2422 640 2448 ‘
655 2412 772 2473 Sicilia'
787 2414 865 2473 enim
878 2423 886 2449 ⁶
900 2422 932 2473 et
947 2412 1084 2474 Sardinia
1097 2416 1246 2491 nequire.

124 2514 200 2567 tcta
212 2506 330 2577 cedere,
339 2506 484 2566 Romania
495 2509 629 2587 captivos
640 2510 730 2585 matis
741 2507 873 2579 reddere,
883 2528 951 2569 suos
960 2511 1085 2589 pecunie
1096 2480 1247 2593 Fffiuffi'm

126 2600 289 2671 redimere,
302 2602 375 2661 belli
393 2610 506 2661 namura
517 2622 618 2661 omues
630 2604 791 2672 restituere,
805 2612 1003 2683 praetereaque
1015 2624 1083 2664 vec·

127 2697 209 2775 tigal
225 2716 354 2755 anuum
374 2696 515 2777 pendere'
527 2697 720 2775 jubebantur.
763 2696 825 2756 His
838 2697 908 2767 alis,
921 2717 1015 2776 neque
1029 2699 1084 2757 mi-

129 2812 188 2852 nus
201 2791 329 2851 moleste
337 2790 522 2851 addebantur
531 2811 539 2849 :
561 2800 570 2827 ‘
580 2800 615 2851 ut
622 2790 740 2851 eosdem
749 2810 817 2850 cum
826 2792 935 2871 populo
946 2791 1085 2851 Ronm

129 2886 576 2965 muniensquelrabereut:
594 2887 766 2947 usuaribus
776 2884 881 2963 longis,
891 2895 1085 2965 praeterquam

130 3002 207 3052 una,
225 2990 393 3043 ntercntrrr:
414 2980 569 3041 Mmanoe
587 2990 696 3052 autem,
715 2980 954 3059 quotiescumque
974 2980 1085 3058 signifi-

130 3085 236 3138 catum
256 3085 343 3147 esset,
356 3076 520 3135 triremibus
537 3076 685 3135 instructis
696 3074 908 3154 quinquaginta
925 3077 1086 3153 juvarent?

132 3171 362 3251 obstupefactis
373 3170 412 3229 ad
424 3171 489 3229 lraec
499 3170 614 3248 legatis,
624 3179 656 3230 et
666 3177 700 3228 ut
711 3169 827 3229 mitiora
840 3170 994 3249 imperaret
1003 3189 1085 3229 oran·

131 3268 226 3337 tibus,
241 3278 251 3303 ‘
265 3266 452 3335 vincendum,
466 3273 518 3326 aut
534 3266 720 3325 vincentibus
736 3264 997 3344 obtemperandum
1010 3267 1086 3325 esse'
1114 3278 1246 3327 Dionaei

131 3361 296 3442 respondit
349 3361 467 3427 Quibus
491 3361 522 3418 iu
544 3362 647 3419 urbem
671 3359 771 3419 relatis
792 3360 962 3420 exacerbati
985 3360 1084 3431 Poeni,
1098 3342 1114 3391 ¹·
1127 3358 1208 3393 ¹¹¹⁸·
1222 3351 1248 3391 et

131 3475 307 3537 quenquam
319 3456 405 3515 rebus
416 3454 576 3515 admodum
588 3455 692 3515 accisis
704 3463 862 3527 uterentur,
875 3457 973 3515 omnia
985 3465 1084 3517 nmen
1096 3408 1250 3537 iposldidi‘dt.

132 3554 217 3633 prius
236 3552 301 3630 pati
320 3549 520 3620 decreverunt,
541 3569 631 3628 quam
649 3569 702 3610 eas
720 3550 873 3611 admittere
893 3550 1084 3621 conditiones,

132 3667 211 3726 quas
221 3646 295 3705 nihil
307 3645 390 3705 aliud
403 3645 459 3705 nisi
469 3646 672 3726 captiuitatem
690 3644 819 3707 civitatis
830 3666 890 3707 suae
902 3647 1084 3707 seruitutem·
1097 3663 1154 3715 Dio.

132 3742 511 3822 queeasearbitrabantur.
1076 3756 1081 3765 ·
1135 3762 1141 3775 ·

175 3844 229 3897 22.
249 3837 289 3898 In
308 3858 347 3897 eo
358 3845 438 3896 statu
451 3855 545 3895 rerum
558 3855 649 3896 nares
660 3854 727 3915 quse
740 3835 779 3896 ad
792 3836 1016 3897 conducendum
1029 3836 1084 3894 mi·
1097 3848 1248 3914 Polyidus.

131 3933 220 3993 litem
239 3934 270 3992 in
291 3932 442 3993 Graeciam
459 3932 554 3990 miae
565 3930 691 4002 luerent,
705 3930 832 3993 collecte
844 3930 1085 3990 mercenariorum

132 4028 217 4089 lraud
229 4029 339 4107 exigna
351 4046 453 4097 meum
465 4026 623 4087 redierunt.
657 4024 696 4086 In
705 4027 752 4086 his
762 4026 955 4105 Xanthippus
964 4022 1085 4103 quidam

120 4089 202 4186 'eret
221 4145 326 4205 genere
348 4121 598 4195 Lacedaemonius,
610 4123 662 4202 qui
682 4122 786 4205 patrius
804 4120 977 4203 discipline,
996 4138 1085 4199 quum
