2917 4767
588 342 663 390 444.
695 340 785 389 xxr.
1147 328 1235 395 11144

103 508 106 515 .
137 482 359 547 exercitumque
382 482 530 544 4444444444
550 496 566 532 4
584 482 685 533 Manlio
706 480 839 533 44441414
860 480 980 542 tironem,
998 490 1112 548 4444444
1132 485 1234 540 Fadum

138 562 292 625 trajicere,
309 570 336 611 44
354 561 387 610 ad
407 562 527 611 Ticiuurn
547 574 648 611 amnem
666 570 755 611 nroret
773 571 867 623 444444,
882 562 928 612 nbi
944 564 1077 614 444441444
1092 565 1233 617 Poeoornrn

137 641 395 703 Rom-norumque'
412 641 467 704 jam
496 642 520 689 44
542 648 683 705 4444444444
706 649 777 691 4444.
817 646 860 692 44.
882 646 924 693 41.
949 644 1111 695 Adbortatnr
1137 646 1232 697 44444444

137 734 222 770 anon.
271 724 363 771 44-44.
382 719 454 769 idem
475 720 539 771 lacit
560 720 702 783 Hannibal,
719 722 792 772 edito
815 724 886 787 44444
907 725 1050 776 certamine
1069 728 1231 791 captivorum

137 806 351 850 montanorum·

101 882 148 927 44.
166 880 274 944 Scipio
290 880 409 929 'licinum
428 887 508 944 ponte
527 879 635 944 trajicit,
652 888 679 931 et
700 895 753 931 uon
772 882 849 946 longa
865 883 1050 935 avictuannlia
1066 886 1188 937 44444444
1204 887 1230 937 444

137 972 214 1023 egro
229 959 395 1015 Insubrium,
406 960 449 1009 ubi
461 959 592 1010 Hannibal
610 968 696 1011 444444
712 961 800 1019 babet,
818 970 848 1012 et
864 966 972 1026 proenrln
988 965 1041 1015 anie
1053 967 1157 1030 iuratur
1173 981 1232 1029 444·

101 1074 107 1086 .
137 1039 271 1089 nuntiat.
304 1042 347 1089 44.
365 1039 493 1103 Prodigia
505 1040 532 1089 in
549 1042 645 1091 4444444
658 1040 733 1092 44444.
744 1049 772 1091 44
784 1055 870 1107 pugna
881 1044 1009 1108 eqneatrir
1021 1045 1053 1096 ad
1063 1046 1193 1106 Ticinum,
1202 1046 1230 1096 in

138 1133 200 1183 qua
224 1118 349 1182 44444144
367 1128 407 1169 444
426 1118 569 1183 Hannibal,
587 1128 616 1173 et
631 1121 720 1185 Scipio
733 1122 1043 1181 vnlneratoaintercnran
1054 1132 1107 1188 tum
1120 1126 1230 1189 44444444

138 1198 328 1261 pubeecentia
343 1197 392 1248 filii
411 1206 538 1249 terratur-
569 1204 611 1251 47.
628 1200 738 1251 14444444
758 1201 795 1251 414
815 1202 915 1252 Padum
927 1204 1121 1266 reqradioutnr‚
1131 1214 1159 1253 et
1170 1218 1230 1268 444·

139 1279 266 1329 ueniunt
276 1278 460 1339 Placentiam
477 1294 528 1343 qno
545 1286 573 1330 et
592 1280 668 1329 Porri
681 1280 852 1331 contendunt.
885 1285 928 1332 44.
945 1282 1017 1333 Galli
1028 1284 1167 1333 4444114444
1178 1284 1229 1334 444·

142 1371 292 1407 4444444444
304 1358 338 1407 ad
349 1358 443 1407 Penne
455 1358 638 1423 tranafnqiunt,
650 1360 921 1425 44841414,Ί“441)1444
937 1371 1123 1427 traorqrearna,
1132 1364 1228 1426 locum,

142 1438 195 1502 qni
215 1453 303 1501 prope
318 1436 413 1488 4444444
433 1439 578 1491 tutiaeimua
589 1440 692 1490 atativia
702 1446 744 1491 444
756 1440 835 1502 riona,
845 1442 976 1491 delectum
987 1444 1139 1504 communit,
1150 1444 1229 1495 colle·

141 1532 190 1580 gre
211 1518 356 1568 aduentum
374 1519 522 1584 4444414444.
555 1520 615 1569 Nec
634 1520 723 1583 procul
741 1520 802 1569 inda
814 1520 944 1570 Hannibal
961 1522 1089 1585 eouaidet,
1101 1529 1128 1571 et
1140 1523 1227 1587 prodi·

143 1599 225 1647 tione
244 1599 317 1662 44414
328 1599 481 1650 Clastidium
494 1600 589 1673 1444444,
599 1613 650 1664 quo
667 1612 789 1664 magnum
808 1598 934 1650 frumenti
945 1614 1081 1650 nnmerum
1092 1616 1225 1666 congente·

143 1685 213 1729 rant
225 1678 348 1729 Romani.

107 1761 155 1807 44.
173 1763 218 1808 414.
237 1758 631 1822 loterimSeurproniurconeul,
646 1757 680 1807 ab
698 1757 817 1809 Hierone
833 1772 896 1823 rege
906 1759 1022 1823 adjutor,
1031 1760 1103 1813 41444
1110 1761 1225 1813 8141144444

145 1852 193 1889 444
211 1851 340 1902 44444444
358 1840 437 1902 gerit,
454 1845 483 1889 et
499 1840 594 1889 Poennr
612 1840 677 1889 444441
690 1839 816 1889 vincitad
828 1840 981 1903 Lttybean.
1013 1844 1056 1892 41.
1072 1842 1137 1891 Tune
1148 1842 1226 1891 Meli·

145 1928 204 1969 taur
226 1920 313 1983 capite
332 1920 377 1968 aed
397 1932 466 1980 mor,
485 1919 569 1968 literia
584 1927 690 1968 4444444
703 1920 728 1968 14
741 1919 844 1969 ltaliam
856 1927 1004 1976 revocatur.
1014 1920 1067 1969 Sex
1079 1919 1225 1990 Pomponio

145 2002 240 2065 legato
252 2000 330 2049 4441.
341 1998 444 2049 AErnillo
456 2001 559 2062 4444444
577 1999 692 2049 Siciliam
705 1999 912 2063 mnrltlmamqne
925 2000 1010 2049 ltalia
1020 2012 1090 2049 oram
1102 2000 1226 2050 claralbua

147 2080 277 2129 tuendam
294 2078 430 2137 attribuit;
447 2084 475 2127 et
493 2080 548 2143 1444
565 2092 623 2129 conr
636 2080 755 2128 exercito
766 2092 813 2129 ano
824 2078 935 2129 naribna
947 2078 1101 2144 Ariminum,
1111 2080 1225 2145 indeque

148 2168 222 2210 terro
234 2160 268 2209 ad
280 2158 402 2209 'l'rebiaur
414 2157 508 2209 dunen
522 2158 602 2209 venit.
634 2163 675 2207 44.
692 2158 733 2207 lbi
746 2172 822 2221 opem
833 2160 1001 2223 444444ιί444
1012 2159 1105 2217 Gallia,
1116 2174 1224 2224 quoram

148 2252 227 2303 agro·
238 2240 310 2289 inter
321 2238 421 2288 Parium
434 2246 461 2289 et
469 2228 592 2289 ¹'l'rcbiaru
603 2238 679 2289 Poeni
693 2239 862 2303 populantur,
873 2240 971 2290 anxilio
988 2240 1069 2291 rnlttit
1081 2242 1223 2303 equitatum

148 2312 233 2376 auum,
252 2320 296 2383 qui
320 2320 411 2382 4444114
433 2334 491 2368 eum
513 2320 628 2368 1444111444
649 2320 787 2369 comminuo
807 2320 926 2382 44444444
945 2318 1060 2369 excedit.
1093 2319 1224 2370 4411144

148 2398 263 2449 ferocior
271 2398 357 2449 lactor
363 2399 541 2462 4444444144,
551 2400 750 2463 stimuletuaqoe
760 2406 815 2448 tom
826 2398 972 2463 propinquo
983 2400 1145 2450 comitiorum
1158 2407 1223 2450 tem-

150 2492 225 2543 4444,
242 2486 298 2528 tom
319 2492 366 2542 444
385 2479 412 2528 44
431 2492 459 2526 44
477 2494 553 2528 onam
568 2478 700 2539 uertenda¹
717 2479 890 2543 glorioe,dunr
906 2492 977 2542 ager
987 2486 1058 2529 caret
1068 2480 1180 2543 collega,
1190 2494 1222 2531 eo

149 2559 321 2623 nequicquam
337 2557 520 2621 (414444414444,
539 2573 653 2622 pugnam
671 2572 809 2608 conserere
826 2572 877 2607 non
889 2559 983 2618 minua,
993 2573 1069 2622 quam
1080 2558 1224 2621 Hannibal,

148 2640 240 2701 444444.
274 2641 318 2687 44.
332 2638 413 2700 Mago
424 2639 509 2688 locum
521 2636 620 2685 inritiria
630 2644 719 2698 444444
732 2636 844 2699 1444144444
856 2635 977 2686 Numida
986 2651 1058 2695 raro,
1068 2640 1222 2702 tranaqreari

148 2720 281 2780 Trebiam,
298 2715 474 2781 obequitando
491 2718 664 2767 Romanorum
682 2717 777 2765 oretria
794 2730 840 2765 eoa
858 2714 920 2764 inde
939 2716 1056 2779 eliciant,
1073 2716 1223 2782 ceduntque

147 2798 356 2864 inaeqneutibua,
369 2797 462 2861 quibua
472 2794 568 2846 4444444
586 2795 780 2845 44444444441444
796 2809 919 2859 4444444,
936 2807 989 2844 non
1006 2803 1068 2843 aute
1085 2805 1176 2845 curata
1193 2804 1223 2848 44

147 2880 209 2943 gelu
231 2876 347 2941 rigentia
366 2881 480 2939 1444444.
512 2881 554 2925 tt.
571 2874 663 2938 Pugna
681 2873 857 2927 ad'l'rebiarn
876 2874 973 2925 aditur.
1013 2877 1056 2924 to.
1072 2874 1222 2927 Vincuntur

146 2958 270 3022 Romani,
288 2966 317 3007 et
332 2956 385 3006 dno
401 2956 534 3006 exercitur
559 2957 706 3006 concolores
728 2955 893 3005 Placentiam
909 2955 1117 3020 Cremonamque
1132 2954 1223 3009 coatu-

147 3039 234 3103 44444.
1213 3043 1218 3055 ’

116 3122 156 3169 41.
173 3120 265 3167 Romu
285 3115 443 3179 trepidatur,
461 3122 637 3181 credaturque
649 3115 768 3166 44444144
783 3116 814 3165 c.
834 3112 974 3163 Flaminino
987 3114 1078 3177 Nepor
1090 3122 1160 3165 ruet
1172 3116 1220 3165 cn.

146 3198 275 3248 8444411444
286 3196 419 3246 (44441444.
453 3196 585 3261 4441444444
603 3195 784 3259 444444444444
799 3191 962 3243 llaonlbalia.
994 3198 1036 3242 44.
1054 3192 1082 3243 44
1093 3196 1125 3243 ut
1137 3196 1221 3259 priora

149 3278 219 3327 neria
238 3277 314 3339 rigna
334 3276 360 3324 44
378 3276 508 3325 Etruriam
529 3273 717 3338 proficiacitur3
734 3274 780 3323 aed
793 3273 949 3323 trauaitnrua
960 3272 1126 3337 Apenninum
1136 3276 1221 3324 atroci

148 3370 209 3406 4444
223 3362 380 3419 tempertate
395 3352 570 3417 conflictatur,
582 3370 632 3419 qun
650 3356 740 3418 ingena
751 3356 893 3411 bominum,
899 3353 1087 3418 jumentorum,
1097 3352 1220 3416 44444444-

148 3446 286 3500 torumque
304 3434 445 3485 multitudo
463 3435 614 3484 absumitur.
646 3440 687 3485 49.
705 3434 799 3498 Itaque
820 3442 891 3483 retro
908 3435 940 3484 ad
958 3433 1121 3484 Placentiam
1133 3441 1221 3484 eaatra

116 3524 121 3533 '
146 3522 247 3576 moret,
267 3515 414 3579 iterumque
434 3528 491 3564 cum
514 3514 668 3577 Sempronio
686 3512 806 3577 confligit
827 3524 856 3563 et
874 3529 948 3579 equo
964 3515 1062 3565 Marte.
1093 3514 1158 3564 'l'um
1176 3514 1219 3563 bic

149 3596 246 3647 Lucum
259 3593 390 3656 concedit,
408 3602 436 3643 et
455 3594 498 3643 ille
515 3594 541 3643 io
559 3594 674 3657 Ligurem
689 3593 735 3660 qui
753 3594 778 3643 ei
793 3594 892 3644 nnbllea
908 3594 1005 3660 aliquot
1021 3596 1151 3645 Romanoa
1171 3608 1219 3658 per

147 3674 254 3724 inridier
266 3676 428 3738 44444444444
440 3674 554 3723 trudunt.
1210 3686 1214 3697 ·

116 3760 155 3804 614.
171 3756 242 3805 Datur
261 3755 317 3804 lraee
333 3756 360 3803 in
378 3755 455 3805 Italia
471 3762 604 3818 geruntur,
622 3752 670 3804 Cu.
686 3754 822 3804 Cornelius
834 3756 923 3819 Scipio
934 3755 959 3804 ln
972 3753 1110 3818 illabatur,
1121 3766 1218 3803 oraora

148 3834 299 3895 Laeetania,
305 3846 407 3883 omnem
420 3846 490 3883 oraru
502 3846 584 3897 naquc
595 3830 627 3881 ad
639 3832 743 3882 iberum
755 3832 781 3884 fl.
794 3836 917 3884 Romanu
929 3832 995 3882 44414
1004 3832 1126 3890 ditionia;
1143 3832 1216 3882 Han·

147 3927 243 3965 nonem·
254 3914 346 3970 rincit,
358 3914 496 3978 rivumque
508 3914 580 3977 44444
591 3928 649 3963 cum
661 3908 760 3979 aliquot
772 3913 948 3979 p'rincipibua;
964 3916 993 3963 et‘
1001 3911 1106 3961 Sciarim
1119 3926 1217 3976 expug-

147 4002 201 4044 444.
236 3998 277 4045 ot.
295 3992 444 4045 Haadrubal
460 4008 509 4043 nou
527 3993 606 4044 audet
623 3994 647 4043 ei
663 3994 765 4045 obvium
781 3995 838 4056 ire;
855 3992 903 4043 aed
920 3993 986 4049 loca,
1001 3992 1035 4042 ab
1053 3993 1098 4041 lllo
1115 3992 1216 4053 relicta,

148 4074 254 4125 iberum
276 4074 415 4137 aliquoties
440 4082 624 4137 trauaqrcaaur,
640 4080 737 4134 444444,
759 4081 787 4123 ot
808 4074 913 4123 uaralea
931 4073 1103 4122 Romnuorum
1123 4076 1216 4137 444144,

148 4154 215 4205 band
235 4154 329 4220 procul
348 4153 787 4221 ’14444444444444444444414414.
818 4153 908 4218 844414
920 4154 1047 4219 Ilergetea
1058 4152 1216 4206 Ausetanor-
