<?xml version="1.0" encoding="UTF-8"?>
<!DOCTYPE html PUBLIC "-//W3C//DTD XHTML 1.0 Transitional//EN"
    "http://www.w3.org/TR/xhtml1/DTD/xhtml1-transitional.dtd">
<html xmlns="http://www.w3.org/1999/xhtml" xml:lang="en" lang="en">
 <head>
  <title>
</title>
<meta http-equiv="Content-Type" content="text/html;charset=utf-8" />
  <meta name='ocr-system' content='tesseract 3.04.00' />
  <meta name='ocr-capabilities' content='ocr_page ocr_carea ocr_par ocr_line ocrx_word'/>
</head>
<body>
  <div class='ocr_page' id='page_1' title='image "./tliviipatavinih00unkngoog/tliviipatavinih00unkngoog_0092.png"; bbox 0 0 2917 4767; ppageno 0'>
   <div class='ocr_carea' id='block_1_1' title="bbox 675 364 829 413">
    <p class='ocr_par' dir='ltr' id='par_1_1' title="bbox 675 364 829 413">
     <span class='ocr_line' id='line_1_1' title="bbox 675 364 829 413; baseline -0.013 0"><span class='ocrx_word' id='word_1_1' title='bbox 675 364 709 413; x_wconf 79' lang='grc' dir='ltr'>Τ.</span> <span class='ocrx_word' id='word_1_2' title='bbox 734 364 829 413; x_wconf 65' lang='lat' dir='ltr'>12th!</span> 
     </span>
    </p>
   </div>
   <div class='ocr_carea' id='block_1_2' title="bbox 366 501 1332 683">
    <p class='ocr_par' dir='ltr' id='par_1_2' title="bbox 366 501 1332 683">
     <span class='ocr_line' id='line_1_2' title="bbox 406 501 1332 587; baseline -0.009 -20"><span class='ocrx_word' id='word_1_3' title='bbox 406 512 435 567; x_wconf 85' lang='grc'>9.</span> <span class='ocrx_word' id='word_1_4' title='bbox 458 506 592 587; x_wconf 76' lang='lat' dir='ltr'>Pyrrhus</span> <span class='ocrx_word' id='word_1_5' title='bbox 609 509 698 576; x_wconf 88' lang='lat' dir='ltr'>euim,</span> <span class='ocrx_word' id='word_1_6' title='bbox 718 508 766 583; x_wconf 91' lang='lat' dir='ltr'>(ut</span> <span class='ocrx_word' id='word_1_7' title='bbox 778 508 866 583; x_wconf 85' lang='lat' dir='ltr'>hujus</span> <span class='ocrx_word' id='word_1_8' title='bbox 882 506 973 564; x_wconf 82' lang='lat' dir='ltr'>etism</span> <span class='ocrx_word' id='word_1_9' title='bbox 988 512 1074 563; x_wconf 87' lang='lat' dir='ltr'>extra</span> <span class='ocrx_word' id='word_1_10' title='bbox 1089 501 1210 562; x_wconf 88' lang='lat' dir='ltr'>Italiam</span> <span class='ocrx_word' id='word_1_11' title='bbox 1221 510 1332 579; x_wconf 68' lang='lat' dir='ltr'>geste,</span> 
     </span>
     <span class='ocr_line' id='line_1_3' title="bbox 366 598 1332 683; baseline -0.007 -22"><span class='ocrx_word' id='word_1_12' title='bbox 366 602 445 681; x_wconf 89' lang='lat' dir='ltr'>quod</span> <span class='ocrx_word' id='word_1_13' title='bbox 463 623 562 662; x_wconf 91' lang='lat' dir='ltr'>eorum</span> <span class='ocrx_word' id='word_1_14' title='bbox 582 604 761 683; x_wconf 78' lang='lat' dir='ltr'><strong>temporibus</strong></span> <span class='ocrx_word' id='word_1_15' title='bbox 776 602 919 679; x_wconf 90' lang='lat' dir='ltr'>locisque,</span> <span class='ocrx_word' id='word_1_16' title='bbox 940 601 980 659; x_wconf 88' lang='lat' dir='ltr'>ad</span> <span class='ocrx_word' id='word_1_17' title='bbox 1000 602 1064 659; x_wconf 76' lang='lat' dir='ltr'>huo</span> <span class='ocrx_word' id='word_1_18' title='bbox 1085 599 1208 676; x_wconf 87' lang='lat' dir='ltr'>negotiis</span> <span class='ocrx_word' id='word_1_19' title='bbox 1233 598 1332 677; x_wconf 70' lang='lat' dir='ltr'>ipsiS,</span> 
     </span>
    </p>
   </div>
   <div class='ocr_carea' id='block_1_3' title="bbox 196 694 1388 4325">
    <p class='ocr_par' dir='ltr' id='par_1_3' title="bbox 196 694 1388 4325">
     <span class='ocr_line' id='line_1_4' title="bbox 365 694 1334 776; baseline -0.007 -19"><span class='ocrx_word' id='word_1_20' title='bbox 365 718 431 757; x_wconf 89' lang='lat' dir='ltr'>oum</span> <span class='ocrx_word' id='word_1_21' title='bbox 454 698 599 757; x_wconf 76' lang='lat' dir='ltr'>Romanis</span> <span class='ocrx_word' id='word_1_22' title='bbox 616 700 702 757; x_wconf 90' lang='lat' dir='ltr'>rebus</span> <span class='ocrx_word' id='word_1_23' title='bbox 718 700 906 776; x_wconf 85' lang='lat' dir='ltr'>conjunctum</span> <span class='ocrx_word' id='word_1_24' title='bbox 924 706 979 766; x_wconf 89' lang='lat' dir='ltr'>est,</span> <span class='ocrx_word' id='word_1_25' title='bbox 995 698 1205 775; x_wconf 81' lang='lat' dir='ltr'>exponentur,)</span> <span class='ocrx_word' id='word_1_26' title='bbox 1228 694 1334 751; x_wconf 84' lang='lat' dir='ltr'>rebus</span> 
     </span>
     <span class='ocr_line' id='line_1_5' title="bbox 214 788 1330 873; baseline -0.002 -24"><span class='ocrx_word' id='word_1_27' title='bbox 214 800 351 855; x_wconf 81' lang='lat' dir='ltr'>Diod.Ect.</span> <span class='ocrx_word' id='word_1_28' title='bbox 365 793 445 873; x_wconf 80' lang='lat' dir='ltr'>opud</span> <span class='ocrx_word' id='word_1_29' title='bbox 469 792 667 873; x_wconf 84' lang='lat' dir='ltr'>Syracusanos</span> <span class='ocrx_word' id='word_1_30' title='bbox 688 794 903 873; x_wconf 82' lang='lat' dir='ltr'>leontinosque</span> <span class='ocrx_word' id='word_1_31' title='bbox 919 793 1095 861; x_wconf 88' lang='lat' dir='ltr'>constitutis,</span> <span class='ocrx_word' id='word_1_32' title='bbox 1113 792 1193 850; x_wconf 87' lang='lat' dir='ltr'>circa</span> <span class='ocrx_word' id='word_1_33' title='bbox 1209 788 1330 849; x_wconf 85' lang='lat' dir='ltr'>eadem</span> 
     </span>
     <span class='ocr_line' id='line_1_6' title="bbox 204 866 1329 969; baseline -0.006 -19"><span class='ocrx_word' id='word_1_34' title='bbox 204 866 302 915; x_wconf 60' lang='lat' dir='ltr'>lm·</span> <span class='ocrx_word' id='word_1_35' title='bbox 364 898 496 969; x_wconf 83' lang='lat' dir='ltr'>tempore</span> <span class='ocrx_word' id='word_1_36' title='bbox 505 910 572 950; x_wconf 88' lang='lat' dir='ltr'>cum</span> <span class='ocrx_word' id='word_1_37' title='bbox 585 890 713 950; x_wconf 84' lang='lat' dir='ltr'>exercitu</span> <span class='ocrx_word' id='word_1_38' title='bbox 725 889 921 969; x_wconf 74' lang='lat' dir='ltr'><strong>Agrigentum</strong></span> <span class='ocrx_word' id='word_1_39' title='bbox 931 887 1089 969; x_wconf 80' lang='lat' dir='ltr'>proiectus,</span> <span class='ocrx_word' id='word_1_40' title='bbox 1101 889 1131 946; x_wconf 92' lang='lat' dir='ltr'>in</span> <span class='ocrx_word' id='word_1_41' title='bbox 1142 888 1204 966; x_wconf 90' lang='lat' dir='ltr'>ipso</span> <span class='ocrx_word' id='word_1_42' title='bbox 1216 886 1329 945; x_wconf 84' lang='lat' dir='ltr'>adhuc</span> 
     </span>
     <span class='ocr_line' id='line_1_7' title="bbox 365 982 1326 1064; baseline -0.005 -20"><span class='ocrx_word' id='word_1_43' title='bbox 365 986 466 1045; x_wconf 87' lang='lat' dir='ltr'>itinere</span> <span class='ocrx_word' id='word_1_44' title='bbox 476 987 693 1046; x_wconf 87' lang='lat' dir='ltr'>occurrentibus</span> <span class='ocrx_word' id='word_1_45' title='bbox 712 983 830 1055; x_wconf 82' lang='lat' dir='ltr'>nuntiis,</span> <span class='ocrx_word' id='word_1_46' title='bbox 853 987 981 1063; x_wconf 89' lang='lat' dir='ltr'>ejectum</span> <span class='ocrx_word' id='word_1_47' title='bbox 998 1004 1037 1044; x_wconf 85' lang='lat' dir='ltr'>ex</span> <span class='ocrx_word' id='word_1_48' title='bbox 1058 984 1129 1043; x_wconf 87' lang='lat' dir='ltr'>urbe</span> <span class='ocrx_word' id='word_1_49' title='bbox 1147 982 1326 1064; x_wconf 67' lang='lat' dir='ltr'>presidium</span> 
     </span>
     <span class='ocr_line' id='line_1_8' title="bbox 365 1078 1388 1162; baseline -0.003 -22"><span class='ocrx_word' id='word_1_50' title='bbox 365 1081 514 1141; x_wconf 90' lang='lat' dir='ltr'>Punicum</span> <span class='ocrx_word' id='word_1_51' title='bbox 525 1090 691 1162; x_wconf 88' lang='lat' dir='ltr'>acceperat,</span> <span class='ocrx_word' id='word_1_52' title='bbox 701 1091 733 1141; x_wconf 90' lang='lat' dir='ltr'>et</span> <span class='ocrx_word' id='word_1_53' title='bbox 742 1081 954 1160; x_wconf 70' lang='lat' dir='ltr'><strong>Agrigentinos</strong></span> <span class='ocrx_word' id='word_1_54' title='bbox 971 1082 1025 1161; x_wconf 90' lang='lat' dir='ltr'>ipsi</span> <span class='ocrx_word' id='word_1_55' title='bbox 1038 1102 1070 1140; x_wconf 91' lang='lat' dir='ltr'>se</span> <span class='ocrx_word' id='word_1_56' title='bbox 1082 1100 1195 1159; x_wconf 87' lang='lat' dir='ltr'>suaque</span> <span class='ocrx_word' id='word_1_57' title='bbox 1214 1078 1327 1139; x_wconf 84' lang='lat' dir='ltr'>omnia</span> <span class='ocrx_word' id='word_1_58' title='bbox 1384 1132 1388 1137; x_wconf 88' lang='lat'>.</span> 
     </span>
     <span class='ocr_line' id='line_1_9' title="bbox 364 1172 1324 1258; baseline -0.005 -23"><span class='ocrx_word' id='word_1_59' title='bbox 364 1176 470 1237; x_wconf 79' lang='lat' dir='ltr'>dedere</span> <span class='ocrx_word' id='word_1_60' title='bbox 483 1187 600 1257; x_wconf 79' lang='lat' dir='ltr'>puratos</span> <span class='ocrx_word' id='word_1_61' title='bbox 612 1198 684 1237; x_wconf 83' lang='lat' dir='ltr'>esse.</span> <span class='ocrx_word' id='word_1_62' title='bbox 726 1177 837 1258; x_wconf 80' lang='lat' dir='ltr'>Neque</span> <span class='ocrx_word' id='word_1_63' title='bbox 850 1177 996 1258; x_wconf 75' lang='lat' dir='ltr'>promissis</span> <span class='ocrx_word' id='word_1_64' title='bbox 1013 1176 1109 1235; x_wconf 87' lang='lat' dir='ltr'>abluit</span> <span class='ocrx_word' id='word_1_65' title='bbox 1122 1174 1206 1235; x_wconf 88' lang='lat' dir='ltr'>tides.</span> <span class='ocrx_word' id='word_1_66' title='bbox 1250 1172 1324 1231; x_wconf 89' lang='lat' dir='ltr'>Ve-</span> 
     </span>
     <span class='ocr_line' id='line_1_10' title="bbox 364 1271 1325 1353; baseline -0.003 -22"><span class='ocrx_word' id='word_1_67' title='bbox 364 1273 454 1332; x_wconf 91' lang='lat' dir='ltr'>nienti</span> <span class='ocrx_word' id='word_1_68' title='bbox 465 1273 647 1343; x_wconf 73' lang='lat' dir='ltr'>Sosistratus,</span> <span class='ocrx_word' id='word_1_69' title='bbox 658 1274 709 1352; x_wconf 90' lang='lat' dir='ltr'>qui</span> <span class='ocrx_word' id='word_1_70' title='bbox 722 1284 754 1332; x_wconf 88' lang='lat' dir='ltr'>et</span> <span class='ocrx_word' id='word_1_71' title='bbox 764 1274 926 1353; x_wconf 74' lang='lat' dir='ltr'>Syracusas</span> <span class='ocrx_word' id='word_1_72' title='bbox 934 1271 1106 1343; x_wconf 81' lang='lat' dir='ltr'>tradidemt,</span> <span class='ocrx_word' id='word_1_73' title='bbox 1116 1280 1148 1331; x_wconf 92' lang='lat' dir='ltr'>et</span> <span class='ocrx_word' id='word_1_74' title='bbox 1156 1271 1270 1339; x_wconf 87' lang='lat' dir='ltr'>urbem,</span> <span class='ocrx_word' id='word_1_75' title='bbox 1284 1280 1325 1328; x_wconf 88' lang='lat' dir='ltr'>et</span> 
     </span>
     <span class='ocr_line' id='line_1_11' title="bbox 363 1366 1322 1449; baseline -0.005 -21"><span class='ocrx_word' id='word_1_76' title='bbox 363 1370 486 1447; x_wconf 79' lang='lat' dir='ltr'>egregias</span> <span class='ocrx_word' id='word_1_77' title='bbox 491 1370 656 1446; x_wconf 83' lang='lat' dir='ltr'>juventutis</span> <span class='ocrx_word' id='word_1_78' title='bbox 676 1377 744 1429; x_wconf 91' lang='lat' dir='ltr'>octo</span> <span class='ocrx_word' id='word_1_79' title='bbox 756 1370 888 1449; x_wconf 90' lang='lat' dir='ltr'>peditum</span> <span class='ocrx_word' id='word_1_80' title='bbox 908 1368 1013 1438; x_wconf 86' lang='lat' dir='ltr'>millia,</span> <span class='ocrx_word' id='word_1_81' title='bbox 1031 1368 1212 1445; x_wconf 91' lang='lat' dir='ltr'>octingentos</span> <span class='ocrx_word' id='word_1_82' title='bbox 1229 1366 1322 1445; x_wconf 92' lang='lat' dir='ltr'>equi-</span> 
     </span>
     <span class='ocr_line' id='line_1_12' title="bbox 363 1461 1320 1545; baseline -0.004 -22"><span class='ocrx_word' id='word_1_83' title='bbox 363 1473 406 1523; x_wconf 84' lang='lat' dir='ltr'>tes</span> <span class='ocrx_word' id='word_1_84' title='bbox 429 1464 572 1542; x_wconf 84' lang='lat' dir='ltr'>adjungit,</span> <span class='ocrx_word' id='word_1_85' title='bbox 596 1464 696 1545; x_wconf 80' lang='lat' dir='ltr'>copias</span> <span class='ocrx_word' id='word_1_86' title='bbox 732 1465 899 1545; x_wconf 78' lang='lat' dir='ltr'>Epiroticis,</span> <span class='ocrx_word' id='word_1_87' title='bbox 935 1485 1010 1544; x_wconf 88' lang='lat' dir='ltr'>quas</span> <span class='ocrx_word' id='word_1_88' title='bbox 1030 1464 1167 1543; x_wconf 79' lang='lat' dir='ltr'>Pyrrhus</span> <span class='ocrx_word' id='word_1_89' title='bbox 1196 1461 1320 1520; x_wconf 82' lang='lat' dir='ltr'>addux-</span> 
     </span>
     <span class='ocr_line' id='line_1_13' title="bbox 363 1558 1320 1642; baseline -0.006 -23"><span class='ocrx_word' id='word_1_90' title='bbox 363 1568 436 1630; x_wconf 80' lang='lat' dir='ltr'>erat,</span> <span class='ocrx_word' id='word_1_91' title='bbox 451 1559 541 1619; x_wconf 87' lang='lat' dir='ltr'>nihilo</span> <span class='ocrx_word' id='word_1_92' title='bbox 553 1560 719 1619; x_wconf 83' lang='lat' dir='ltr'>deteriores.</span> <span class='ocrx_word' id='word_1_93' title='bbox 762 1562 885 1642; x_wconf 89' lang='lat' dir='ltr'>Oppida</span> <span class='ocrx_word' id='word_1_94' title='bbox 902 1572 1043 1642; x_wconf 70' lang='lat' dir='ltr'>praeterea</span> <span class='ocrx_word' id='word_1_95' title='bbox 1062 1560 1193 1638; x_wconf 74' lang='lat' dir='ltr'>triginta,</span> <span class='ocrx_word' id='word_1_96' title='bbox 1206 1558 1320 1636; x_wconf 81' lang='lat' dir='ltr'>quibus</span> 
     </span>
     <span class='ocr_line' id='line_1_14' title="bbox 363 1654 1318 1738; baseline -0.004 -23"><span class='ocrx_word' id='word_1_97' title='bbox 363 1658 526 1738; x_wconf 76' lang='lat' dir='ltr'>imperabat</span> <span class='ocrx_word' id='word_1_98' title='bbox 551 1656 734 1725; x_wconf 76' lang='lat' dir='ltr'>Sosistratus,</span> <span class='ocrx_word' id='word_1_99' title='bbox 761 1658 864 1716; x_wconf 88' lang='lat' dir='ltr'>eodem</span> <span class='ocrx_word' id='word_1_100' title='bbox 891 1666 1011 1717; x_wconf 91' lang='lat' dir='ltr'>auctore</span> <span class='ocrx_word' id='word_1_101' title='bbox 1036 1676 1069 1715; x_wconf 89' lang='lat' dir='ltr'>se</span> <span class='ocrx_word' id='word_1_102' title='bbox 1094 1655 1171 1733; x_wconf 82' lang='lat' dir='ltr'>regis</span> <span class='ocrx_word' id='word_1_103' title='bbox 1191 1654 1318 1713; x_wconf 87' lang='lat' dir='ltr'>arbitrio</span> 
     </span>
     <span class='ocr_line' id='line_1_15' title="bbox 363 1748 1318 1833; baseline -0.006 -22"><span class='ocrx_word' id='word_1_104' title='bbox 363 1752 562 1833; x_wconf 90' lang='lat' dir='ltr'>permiserunt.</span> <span class='ocrx_word' id='word_1_105' title='bbox 605 1751 667 1811; x_wconf 90' lang='lat' dir='ltr'>His</span> <span class='ocrx_word' id='word_1_106' title='bbox 685 1752 727 1810; x_wconf 86' lang='lat' dir='ltr'>its</span> <span class='ocrx_word' id='word_1_107' title='bbox 745 1752 832 1831; x_wconf 88' lang='lat' dir='ltr'>gestis</span> <span class='ocrx_word' id='word_1_108' title='bbox 845 1754 924 1811; x_wconf 80' lang='lat' dir='ltr'>misit</span> <span class='ocrx_word' id='word_1_109' title='bbox 940 1750 1174 1833; x_wconf 84' lang='lat' dir='ltr'>Syracusss,qui</span> <span class='ocrx_word' id='word_1_110' title='bbox 1187 1748 1318 1808; x_wconf 82' lang='lat' dir='ltr'>telorum</span> 
     </span>
     <span class='ocr_line' id='line_1_16' title="bbox 362 1845 1319 1929; baseline -0.007 -21"><span class='ocrx_word' id='word_1_111' title='bbox 362 1849 456 1908; x_wconf 88' lang='lat' dir='ltr'>omnis</span> <span class='ocrx_word' id='word_1_112' title='bbox 469 1848 581 1927; x_wconf 81' lang='lat' dir='ltr'>generis</span> <span class='ocrx_word' id='word_1_113' title='bbox 591 1848 720 1929; x_wconf 79' lang='lat' dir='ltr'>copiam,</span> <span class='ocrx_word' id='word_1_114' title='bbox 728 1858 760 1907; x_wconf 93' lang='lat' dir='ltr'>et</span> <span class='ocrx_word' id='word_1_115' title='bbox 768 1850 930 1918; x_wconf 84' lang='lat' dir='ltr'>machinas,</span> <span class='ocrx_word' id='word_1_116' title='bbox 942 1868 1066 1927; x_wconf 88' lang='lat' dir='ltr'>quarum</span> <span class='ocrx_word' id='word_1_117' title='bbox 1073 1849 1103 1906; x_wconf 91' lang='lat' dir='ltr'>in</span> <span class='ocrx_word' id='word_1_118' title='bbox 1113 1845 1319 1907; x_wconf 83' lang='lat' dir='ltr'>obsidionibus</span> 
     </span>
     <span class='ocr_line' id='line_1_17' title="bbox 363 1939 1318 2025; baseline -0.006 -21"><span class='ocrx_word' id='word_1_119' title='bbox 363 1945 478 2005; x_wconf 89' lang='lat' dir='ltr'>urbium</span> <span class='ocrx_word' id='word_1_120' title='bbox 491 1966 560 2005; x_wconf 88' lang='lat' dir='ltr'>usus</span> <span class='ocrx_word' id='word_1_121' title='bbox 569 1965 631 2004; x_wconf 86' lang='lat' dir='ltr'>esse</span> <span class='ocrx_word' id='word_1_122' title='bbox 642 1953 750 2025; x_wconf 87' lang='lat' dir='ltr'>posset,</span> <span class='ocrx_word' id='word_1_123' title='bbox 761 1946 963 2004; x_wconf 85' lang='lat' dir='ltr'>subveherent.</span> <span class='ocrx_word' id='word_1_124' title='bbox 1007 1943 1091 2003; x_wconf 88' lang='lat' dir='ltr'>Nam</span> <span class='ocrx_word' id='word_1_125' title='bbox 1101 1941 1140 2001; x_wconf 85' lang='lat' dir='ltr'>od</span> <span class='ocrx_word' id='word_1_126' title='bbox 1150 1943 1237 2000; x_wconf 83' lang='lat' dir='ltr'>urbes</span> <span class='ocrx_word' id='word_1_127' title='bbox 1246 1939 1318 1999; x_wconf 91' lang='lat' dir='ltr'>Pu·</span> 
     </span>
     <span class='ocr_line' id='line_1_18' title="bbox 362 2038 1315 2121; baseline -0.005 -22"><span class='ocrx_word' id='word_1_128' title='bbox 362 2041 419 2100; x_wconf 90' lang='lat' dir='ltr'>uici</span> <span class='ocrx_word' id='word_1_129' title='bbox 425 2041 500 2119; x_wconf 91' lang='lat' dir='ltr'>juris</span> <span class='ocrx_word' id='word_1_130' title='bbox 513 2040 725 2121; x_wconf 79' lang='lat' dir='ltr'>oppugnandus</span> <span class='ocrx_word' id='word_1_131' title='bbox 737 2042 866 2099; x_wconf 86' lang='lat' dir='ltr'>animum</span> <span class='ocrx_word' id='word_1_132' title='bbox 884 2040 1045 2117; x_wconf 78' lang='lat' dir='ltr'>adjecerat,</span> <span class='ocrx_word' id='word_1_133' title='bbox 1068 2046 1171 2119; x_wconf 82' lang='lat' dir='ltr'>puruto</span> <span class='ocrx_word' id='word_1_134' title='bbox 1178 2038 1245 2115; x_wconf 88' lang='lat' dir='ltr'>jam</span> <span class='ocrx_word' id='word_1_135' title='bbox 1258 2056 1315 2095; x_wconf 84' lang='lat' dir='ltr'>ex-</span> 
     </span>
     <span class='ocr_line' id='line_1_19' title="bbox 361 2134 1318 2214; baseline -0.004 -19"><span class='ocrx_word' id='word_1_136' title='bbox 361 2138 452 2195; x_wconf 88' lang='lat' dir='ltr'>ercitu</span> <span class='ocrx_word' id='word_1_137' title='bbox 462 2136 582 2213; x_wconf 75' lang='lat' dir='ltr'>triginta</span> <span class='ocrx_word' id='word_1_138' title='bbox 591 2134 725 2205; x_wconf 89' lang='lat' dir='ltr'>millium,</span> <span class='ocrx_word' id='word_1_139' title='bbox 743 2143 849 2214; x_wconf 77' lang='lat' dir='ltr'>prester</span> <span class='ocrx_word' id='word_1_140' title='bbox 860 2136 974 2214; x_wconf 87' lang='lat' dir='ltr'>equites</span> <span class='ocrx_word' id='word_1_141' title='bbox 983 2134 1064 2194; x_wconf 91' lang='lat' dir='ltr'>mille</span> <span class='ocrx_word' id='word_1_142' title='bbox 1073 2136 1257 2214; x_wconf 87' lang='lat' dir='ltr'>quingentos,</span> <span class='ocrx_word' id='word_1_143' title='bbox 1271 2141 1318 2200; x_wconf 90' lang='lat' dir='ltr'>et,</span> 
     </span>
     <span class='ocr_line' id='line_1_20' title="bbox 362 2228 995 2310; baseline 0 -21"><span class='ocrx_word' id='word_1_144' title='bbox 362 2250 436 2310; x_wconf 90' lang='lat' dir='ltr'>quos</span> <span class='ocrx_word' id='word_1_145' title='bbox 445 2233 473 2289; x_wconf 91' lang='lat' dir='ltr'>in</span> <span class='ocrx_word' id='word_1_146' title='bbox 489 2228 621 2290; x_wconf 77' lang='lat' dir='ltr'>Siciliam</span> <span class='ocrx_word' id='word_1_147' title='bbox 635 2232 803 2308; x_wconf 77' lang='lat' dir='ltr'>trajecerat,</span> <span class='ocrx_word' id='word_1_148' title='bbox 814 2230 995 2310; x_wconf 74' lang='lat' dir='ltr'>elephantos.</span> 
     </span>
     <span class='ocr_line' id='line_1_21' title="bbox 402 2324 1316 2405; baseline -0.001 -21"><span class='ocrx_word' id='word_1_149' title='bbox 402 2332 452 2384; x_wconf 89' lang='lat'>10.</span> <span class='ocrx_word' id='word_1_150' title='bbox 475 2325 579 2383; x_wconf 87' lang='lat' dir='ltr'>Prims</span> <span class='ocrx_word' id='word_1_151' title='bbox 599 2344 638 2383; x_wconf 85' lang='lat' dir='ltr'>ex</span> <span class='ocrx_word' id='word_1_152' title='bbox 660 2325 752 2383; x_wconf 90' lang='lat' dir='ltr'>bisin</span> <span class='ocrx_word' id='word_1_153' title='bbox 773 2334 948 2405; x_wconf 83' lang='lat' dir='ltr'>potestatem</span> <span class='ocrx_word' id='word_1_154' title='bbox 974 2326 1056 2385; x_wconf 84' lang='lat' dir='ltr'>venit</span> <span class='ocrx_word' id='word_1_155' title='bbox 1077 2324 1241 2395; x_wconf 78' lang='lat' dir='ltr'>Heraclea,</span> <span class='ocrx_word' id='word_1_156' title='bbox 1261 2324 1316 2383; x_wconf 88' lang='lat' dir='ltr'>ubi</span> 
     </span>
     <span class='ocr_line' id='line_1_22' title="bbox 362 2419 1315 2499; baseline -0.002 -19"><span class='ocrx_word' id='word_1_157' title='bbox 362 2420 646 2499; x_wconf 78' lang='lat' dir='ltr'>Carthaginiensium</span> <span class='ocrx_word' id='word_1_158' title='bbox 656 2419 824 2499; x_wconf 82' lang='lat' dir='ltr'>proesidium</span> <span class='ocrx_word' id='word_1_159' title='bbox 834 2421 947 2480; x_wconf 82' lang='lat' dir='ltr'>luerat:</span> <span class='ocrx_word' id='word_1_160' title='bbox 959 2422 1068 2480; x_wconf 85' lang='lat' dir='ltr'>exhinc</span> <span class='ocrx_word' id='word_1_161' title='bbox 1078 2420 1201 2480; x_wconf 87' lang='lat' dir='ltr'>Azonas</span> <span class='ocrx_word' id='word_1_162' title='bbox 1213 2421 1293 2499; x_wconf 81' lang='lat' dir='ltr'>cepit</span> <span class='ocrx_word' id='word_1_163' title='bbox 1305 2441 1315 2479; x_wconf 89' lang='lat'>:</span> 
     </span>
     <span class='ocr_line' id='line_1_23' title="bbox 294 2516 1315 2596; baseline 0 -21"><span class='ocrx_word' id='word_1_164' title='bbox 294 2577 300 2588; x_wconf 67' lang='grc'><em>,</em></span> <span class='ocrx_word' id='word_1_165' title='bbox 361 2517 517 2594; x_wconf 87' lang='lat' dir='ltr'>statimque</span> <span class='ocrx_word' id='word_1_166' title='bbox 534 2516 626 2575; x_wconf 89' lang='lat' dir='ltr'>secuti</span> <span class='ocrx_word' id='word_1_167' title='bbox 645 2516 793 2576; x_wconf 83' lang='lat' dir='ltr'>fortunam</span> <span class='ocrx_word' id='word_1_168' title='bbox 811 2516 968 2576; x_wconf 85' lang='lat' dir='ltr'>Selinuntii</span> <span class='ocrx_word' id='word_1_169' title='bbox 994 2517 1131 2596; x_wconf 90' lang='lat' dir='ltr'>primum,</span> <span class='ocrx_word' id='word_1_170' title='bbox 1149 2537 1220 2575; x_wconf 84' lang='lat' dir='ltr'>mox</span> <span class='ocrx_word' id='word_1_171' title='bbox 1243 2516 1315 2575; x_wconf 81' lang='lat' dir='ltr'>Ho-</span> 
     </span>
     <span class='ocr_line' id='line_1_24' title="bbox 361 2603 1316 2692; baseline -0.001 -21"><span class='ocrx_word' id='word_1_172' title='bbox 361 2612 457 2692; x_wconf 84' lang='lat' dir='ltr'>lioyaei</span> <span class='ocrx_word' id='word_1_173' title='bbox 467 2621 498 2669; x_wconf 88' lang='lat' dir='ltr'>et</span> <span class='ocrx_word' id='word_1_174' title='bbox 510 2610 673 2688; x_wconf 86' lang='lat' dir='ltr'>AEgestani,</span> <span class='ocrx_word' id='word_1_175' title='bbox 686 2610 850 2671; x_wconf 86' lang='lat' dir='ltr'>deficiendo</span> <span class='ocrx_word' id='word_1_176' title='bbox 864 2633 883 2671; x_wconf 90' lang='lat' dir='ltr'>a</span> <span class='ocrx_word' id='word_1_177' title='bbox 904 2603 1316 2691; x_wconf 82' lang='lat' dir='ltr'>Certlraginiensiumumici-</span> 
     </span>
     <span class='ocr_line' id='line_1_25' title="bbox 361 2706 1315 2788; baseline 0 -21"><span class='ocrx_word' id='word_1_178' title='bbox 361 2708 414 2777; x_wconf 86' lang='lat' dir='ltr'>tia,</span> <span class='ocrx_word' id='word_1_179' title='bbox 437 2706 634 2787; x_wconf 79' lang='lat' dir='ltr'>compluribus</span> <span class='ocrx_word' id='word_1_180' title='bbox 651 2708 741 2767; x_wconf 86' lang='lat' dir='ltr'>etism</span> <span class='ocrx_word' id='word_1_181' title='bbox 754 2708 820 2767; x_wconf 89' lang='lat' dir='ltr'>aliis</span> <span class='ocrx_word' id='word_1_182' title='bbox 839 2710 869 2767; x_wconf 92' lang='lat' dir='ltr'>in</span> <span class='ocrx_word' id='word_1_183' title='bbox 883 2728 919 2766; x_wconf 90' lang='lat' dir='ltr'>eo</span> <span class='ocrx_word' id='word_1_184' title='bbox 931 2716 1026 2767; x_wconf 89' lang='lat' dir='ltr'>tractu</span> <span class='ocrx_word' id='word_1_185' title='bbox 1040 2708 1155 2788; x_wconf 88' lang='lat' dir='ltr'>oppidis</span> <span class='ocrx_word' id='word_1_186' title='bbox 1167 2709 1245 2767; x_wconf 89' lang='lat' dir='ltr'>idem</span> <span class='ocrx_word' id='word_1_187' title='bbox 1259 2729 1315 2767; x_wconf 84' lang='lat' dir='ltr'>su·</span> 
     </span>
     <span class='ocr_line' id='line_1_26' title="bbox 215 2802 1314 2883; baseline 0.002 -20"><span class='ocrx_word' id='word_1_188' title='bbox 215 2816 278 2863; x_wconf 82' lang='lat' dir='ltr'>Plut.</span> <span class='ocrx_word' id='word_1_189' title='bbox 296 2814 323 2864; x_wconf 87' lang='lat' dir='ltr'>in</span> <span class='ocrx_word' id='word_1_190' title='bbox 361 2802 450 2863; x_wconf 89' lang='lat' dir='ltr'>dendi</span> <span class='ocrx_word' id='word_1_191' title='bbox 460 2803 629 2883; x_wconf 83' lang='lat' dir='ltr'>exemplum</span> <span class='ocrx_word' id='word_1_192' title='bbox 638 2805 833 2883; x_wconf 65' lang='lat' dir='ltr'>praebuerunt.</span> <span class='ocrx_word' id='word_1_193' title='bbox 868 2804 1314 2883; x_wconf 84' lang='lat' dir='ltr'>Erycinosantem,etsuxilio-</span> 
     </span>
     <span class='ocr_line' id='line_1_27' title="bbox 198 2880 1316 2994; baseline 0.001 -36"><span class='ocrx_word' id='word_1_194' title='bbox 198 2880 297 2994; x_wconf 52' lang='lat' dir='ltr'>fgf‘lffi</span> <span class='ocrx_word' id='word_1_195' title='bbox 326 2896 349 2930; x_wconf 81' lang='lat'>⁰·</span> <span class='ocrx_word' id='word_1_196' title='bbox 362 2920 425 2959; x_wconf 91' lang='lat' dir='ltr'>rum</span> <span class='ocrx_word' id='word_1_197' title='bbox 438 2919 590 2979; x_wconf 73' lang='lat' dir='ltr'>numeroso¹</span> <span class='ocrx_word' id='word_1_198' title='bbox 604 2920 704 2970; x_wconf 84' lang='lat' dir='ltr'>manu,</span> <span class='ocrx_word' id='word_1_199' title='bbox 715 2910 747 2959; x_wconf 87' lang='lat' dir='ltr'>et</span> <span class='ocrx_word' id='word_1_200' title='bbox 756 2901 965 2959; x_wconf 85' lang='lat' dir='ltr'>munitionibus</span> <span class='ocrx_word' id='word_1_201' title='bbox 978 2899 1034 2959; x_wconf 90' lang='lat' dir='ltr'>loci</span> <span class='ocrx_word' id='word_1_202' title='bbox 1045 2898 1179 2970; x_wconf 76' lang='lat' dir='ltr'>fidentes,</span> <span class='ocrx_word' id='word_1_203' title='bbox 1198 2921 1316 2959; x_wconf 86' lang='lat' dir='ltr'>summa</span> 
     </span>
     <span class='ocr_line' id='line_1_28' title="bbox 362 2996 1315 3075; baseline 0 -20"><span class='ocrx_word' id='word_1_204' title='bbox 362 2997 392 3055; x_wconf 84' lang='lat' dir='ltr'>vi</span> <span class='ocrx_word' id='word_1_205' title='bbox 405 3015 572 3075; x_wconf 86' lang='lat' dir='ltr'>expugnare</span> <span class='ocrx_word' id='word_1_206' title='bbox 586 2996 697 3055; x_wconf 84' lang='lat' dir='ltr'>statuit.</span> <span class='ocrx_word' id='word_1_207' title='bbox 740 2996 890 3055; x_wconf 87' lang='lat' dir='ltr'>Instructo</span> <span class='ocrx_word' id='word_1_208' title='bbox 911 2996 999 3073; x_wconf 89' lang='lat' dir='ltr'>igitur</span> <span class='ocrx_word' id='word_1_209' title='bbox 1018 2996 1163 3066; x_wconf 87' lang='lat' dir='ltr'>exercitu,</span> <span class='ocrx_word' id='word_1_210' title='bbox 1183 3004 1315 3055; x_wconf 80' lang='lat' dir='ltr'>armatus</span> 
     </span>
     <span class='ocr_line' id='line_1_29' title="bbox 363 3090 1312 3172; baseline 0.002 -23"><span class='ocrx_word' id='word_1_211' title='bbox 363 3093 434 3172; x_wconf 89' lang='lat' dir='ltr'>ipse,</span> <span class='ocrx_word' id='word_1_212' title='bbox 449 3092 487 3151; x_wconf 83' lang='lat' dir='ltr'>sd</span> <span class='ocrx_word' id='word_1_213' title='bbox 500 3092 606 3151; x_wconf 73' lang='lat' dir='ltr'>moenia</span> <span class='ocrx_word' id='word_1_214' title='bbox 616 3093 786 3172; x_wconf 90' lang='lat' dir='ltr'>procedens,</span> <span class='ocrx_word' id='word_1_215' title='bbox 801 3102 901 3152; x_wconf 83' lang='lat' dir='ltr'>votum</span> <span class='ocrx_word' id='word_1_216' title='bbox 913 3090 1041 3151; x_wconf 88' lang='lat' dir='ltr'>Herculi</span> <span class='ocrx_word' id='word_1_217' title='bbox 1051 3093 1144 3162; x_wconf 80' lang='lat' dir='ltr'>vovit,</span> <span class='ocrx_word' id='word_1_218' title='bbox 1155 3090 1312 3169; x_wconf 89' lang='lat' dir='ltr'>sidignum</span> 
     </span>
     <span class='ocr_line' id='line_1_30' title="bbox 361 3187 1313 3267; baseline 0 -20"><span class='ocrx_word' id='word_1_219' title='bbox 361 3208 465 3267; x_wconf 87' lang='lat' dir='ltr'>genere</span> <span class='ocrx_word' id='word_1_220' title='bbox 479 3208 531 3247; x_wconf 88' lang='lat' dir='ltr'>suo</span> <span class='ocrx_word' id='word_1_221' title='bbox 541 3188 664 3266; x_wconf 89' lang='lat' dir='ltr'>locoque</span> <span class='ocrx_word' id='word_1_222' title='bbox 678 3188 851 3247; x_wconf 86' lang='lat' dir='ltr'>bellatorem</span> <span class='ocrx_word' id='word_1_223' title='bbox 863 3187 957 3247; x_wconf 89' lang='lat' dir='ltr'>eodie</span> <span class='ocrx_word' id='word_1_224' title='bbox 967 3208 999 3247; x_wconf 90' lang='lat' dir='ltr'>se</span> <span class='ocrx_word' id='word_1_225' title='bbox 1008 3187 1122 3247; x_wconf 69' lang='lat' dir='ltr'>Graecis</span> <span class='ocrx_word' id='word_1_226' title='bbox 1129 3188 1313 3248; x_wconf 77' lang='lat' dir='ltr'>ostendisset</span> 
     </span>
     <span class='ocr_line' id='line_1_31' title="bbox 361 3282 1313 3365; baseline 0.003 -22"><span class='ocrx_word' id='word_1_227' title='bbox 361 3282 528 3362; x_wconf 85' lang='lat' dir='ltr'>Postquam</span> <span class='ocrx_word' id='word_1_228' title='bbox 541 3283 654 3360; x_wconf 89' lang='lat' dir='ltr'>signum</span> <span class='ocrx_word' id='word_1_229' title='bbox 667 3284 855 3363; x_wconf 88' lang='lat' dir='ltr'>oppugnandi</span> <span class='ocrx_word' id='word_1_230' title='bbox 865 3285 1147 3365; x_wconf 90' lang='lat' dir='ltr'>datum,orebroque</span> <span class='ocrx_word' id='word_1_231' title='bbox 1160 3285 1313 3346; x_wconf 67' lang='lat' dir='ltr'>mimilinm</span> 
     </span>
     <span class='ocr_line' id='line_1_32' title="bbox 354 3377 1314 3458; baseline 0.002 -21"><span class='ocrx_word' id='word_1_232' title='bbox 354 3379 440 3455; x_wconf 88' lang='lat' dir='ltr'>jactu</span> <span class='ocrx_word' id='word_1_233' title='bbox 455 3386 683 3458; x_wconf 76' lang='lat' dir='ltr'>propugnatores</span> <span class='ocrx_word' id='word_1_234' title='bbox 695 3377 798 3437; x_wconf 89' lang='lat' dir='ltr'>dimoti</span> <span class='ocrx_word' id='word_1_235' title='bbox 813 3380 910 3439; x_wconf 91' lang='lat' dir='ltr'>locum</span> <span class='ocrx_word' id='word_1_236' title='bbox 928 3381 1118 3441; x_wconf 86' lang='lat' dir='ltr'>admovendis</span> <span class='ocrx_word' id='word_1_237' title='bbox 1129 3402 1212 3441; x_wconf 90' lang='lat' dir='ltr'>muro</span> <span class='ocrx_word' id='word_1_238' title='bbox 1223 3380 1314 3440; x_wconf 83' lang='lat' dir='ltr'>scalis</span> 
     </span>
     <span class='ocr_line' id='line_1_33' title="bbox 196 3473 1315 3552; baseline -0.003 -13"><span class='ocrx_word' id='word_1_239' title='bbox 196 3490 297 3539; x_wconf 82' lang='lat' dir='ltr'>Diodor.</span> <span class='ocrx_word' id='word_1_240' title='bbox 360 3473 491 3532; x_wconf 83' lang='lat' dir='ltr'>iecerunt</span> <span class='ocrx_word' id='word_1_241' title='bbox 499 3494 507 3541; x_wconf 90' lang='lat'>;</span> <span class='ocrx_word' id='word_1_242' title='bbox 521 3474 629 3552; x_wconf 89' lang='lat' dir='ltr'>primus</span> <span class='ocrx_word' id='word_1_243' title='bbox 639 3475 830 3534; x_wconf 83' lang='lat' dir='ltr'>omniumrex</span> <span class='ocrx_word' id='word_1_244' title='bbox 839 3477 945 3548; x_wconf 88' lang='lat' dir='ltr'>enisus,</span> <span class='ocrx_word' id='word_1_245' title='bbox 959 3476 1098 3537; x_wconf 78' lang='lat' dir='ltr'>adversus</span> <span class='ocrx_word' id='word_1_246' title='bbox 1107 3487 1315 3537; x_wconf 89' lang='lat' dir='ltr'>concurrentes</span> 
     </span>
     <span class='ocr_line' id='line_1_34' title="bbox 360 3568 1311 3649; baseline 0.006 -24"><span class='ocrx_word' id='word_1_247' title='bbox 360 3568 487 3647; x_wconf 91' lang='lat' dir='ltr'>undique</span> <span class='ocrx_word' id='word_1_248' title='bbox 501 3570 597 3628; x_wconf 90' lang='lat' dir='ltr'>hostes</span> <span class='ocrx_word' id='word_1_249' title='bbox 610 3571 720 3649; x_wconf 75' lang='lat' dir='ltr'>insigne</span> <span class='ocrx_word' id='word_1_250' title='bbox 733 3581 880 3631; x_wconf 85' lang='lat' dir='ltr'>certamen</span> <span class='ocrx_word' id='word_1_251' title='bbox 898 3572 1003 3642; x_wconf 89' lang='lat' dir='ltr'>edidit,</span> <span class='ocrx_word' id='word_1_252' title='bbox 1016 3572 1090 3631; x_wconf 78' lang='lat' dir='ltr'>alios</span> <span class='ocrx_word' id='word_1_253' title='bbox 1110 3574 1236 3632; x_wconf 89' lang='lat' dir='ltr'>umbone</span> <span class='ocrx_word' id='word_1_254' title='bbox 1256 3572 1311 3631; x_wconf 91' lang='lat' dir='ltr'>de-</span> 
     </span>
     <span class='ocr_line' id='line_1_35' title="bbox 360 3664 1311 3746; baseline 0.003 -22"><span class='ocrx_word' id='word_1_255' title='bbox 360 3664 489 3734; x_wconf 81' lang='lat' dir='ltr'>turbans,</span> <span class='ocrx_word' id='word_1_256' title='bbox 514 3665 586 3724; x_wconf 85' lang='lat' dir='ltr'>ulios</span> <span class='ocrx_word' id='word_1_257' title='bbox 608 3667 724 3727; x_wconf 88' lang='lat' dir='ltr'>caedens</span> <span class='ocrx_word' id='word_1_258' title='bbox 755 3668 866 3746; x_wconf 84' lang='lat' dir='ltr'>gladio,</span> <span class='ocrx_word' id='word_1_259' title='bbox 889 3670 1089 3746; x_wconf 76' lang='lat' dir='ltr'>magnitudine</span> <span class='ocrx_word' id='word_1_260' title='bbox 1120 3689 1190 3728; x_wconf 88' lang='lat' dir='ltr'>vero</span> <span class='ocrx_word' id='word_1_261' title='bbox 1220 3670 1311 3728; x_wconf 85' lang='lat' dir='ltr'>enimi</span> 
     </span>
     <span class='ocr_line' id='line_1_36' title="bbox 358 3761 1312 3844; baseline 0.005 -25"><span class='ocrx_word' id='word_1_262' title='bbox 358 3761 525 3840; x_wconf 87' lang='lat' dir='ltr'>roborisque</span> <span class='ocrx_word' id='word_1_263' title='bbox 535 3772 656 3821; x_wconf 89' lang='lat' dir='ltr'>cunctos</span> <span class='ocrx_word' id='word_1_264' title='bbox 665 3764 912 3842; x_wconf 77' lang='lat' dir='ltr'>perterrefaciens.</span> <span class='ocrx_word' id='word_1_265' title='bbox 954 3764 1065 3844; x_wconf 89' lang='lat' dir='ltr'>Neque</span> <span class='ocrx_word' id='word_1_266' title='bbox 1073 3763 1232 3842; x_wconf 86' lang='lat' dir='ltr'>magnifica</span> <span class='ocrx_word' id='word_1_267' title='bbox 1243 3774 1312 3823; x_wconf 79' lang='lat' dir='ltr'>tsn-</span> 
     </span>
     <span class='ocr_line' id='line_1_37' title="bbox 358 3858 1311 3940; baseline 0.004 -24"><span class='ocrx_word' id='word_1_268' title='bbox 358 3866 421 3917; x_wconf 90' lang='lat' dir='ltr'>tum</span> <span class='ocrx_word' id='word_1_269' title='bbox 430 3858 494 3916; x_wconf 84' lang='lat' dir='ltr'>haec</span> <span class='ocrx_word' id='word_1_270' title='bbox 507 3858 534 3916; x_wconf 95' lang='lat' dir='ltr'>ei</span> <span class='ocrx_word' id='word_1_271' title='bbox 547 3878 656 3937; x_wconf 87' lang='lat' dir='ltr'>pugno,</span> <span class='ocrx_word' id='word_1_272' title='bbox 670 3860 721 3918; x_wconf 85' lang='lat' dir='ltr'>sed</span> <span class='ocrx_word' id='word_1_273' title='bbox 735 3860 824 3919; x_wconf 88' lang='lat' dir='ltr'>etiam</span> <span class='ocrx_word' id='word_1_274' title='bbox 837 3861 915 3919; x_wconf 90' lang='lat' dir='ltr'>omni</span> <span class='ocrx_word' id='word_1_275' title='bbox 928 3880 966 3919; x_wconf 85' lang='lat' dir='ltr'>ex</span> <span class='ocrx_word' id='word_1_276' title='bbox 976 3859 1139 3940; x_wconf 83' lang='lat' dir='ltr'>partelelix</span> <span class='ocrx_word' id='word_1_277' title='bbox 1149 3860 1226 3919; x_wconf 84' lang='lat' dir='ltr'>fuit:</span> <span class='ocrx_word' id='word_1_278' title='bbox 1246 3860 1311 3920; x_wconf 90' lang='lat' dir='ltr'>sinc</span> 
     </span>
     <span class='ocr_line' id='line_1_38' title="bbox 358 3953 1311 4036; baseline 0.001 -24"><span class='ocrx_word' id='word_1_279' title='bbox 358 3953 420 4012; x_wconf 92' lang='lat' dir='ltr'>ullo</span> <span class='ocrx_word' id='word_1_280' title='bbox 433 3974 486 4012; x_wconf 90' lang='lat' dir='ltr'>suo</span> <span class='ocrx_word' id='word_1_281' title='bbox 498 3954 629 4024; x_wconf 88' lang='lat' dir='ltr'>vulnere,</span> <span class='ocrx_word' id='word_1_282' title='bbox 641 3974 748 4033; x_wconf 83' lang='lat' dir='ltr'>magns</span> <span class='ocrx_word' id='word_1_283' title='bbox 765 3955 859 4033; x_wconf 81' lang='lat' dir='ltr'>glorio</span> <span class='ocrx_word' id='word_1_284' title='bbox 872 3964 967 4036; x_wconf 87' lang='lat' dir='ltr'>parta,</span> <span class='ocrx_word' id='word_1_285' title='bbox 986 3956 1075 4017; x_wconf 86' lang='lat' dir='ltr'>etism</span> <span class='ocrx_word' id='word_1_286' title='bbox 1093 3956 1193 4014; x_wconf 90' lang='lat' dir='ltr'>urbem</span> <span class='ocrx_word' id='word_1_287' title='bbox 1215 3955 1311 4034; x_wconf 85' lang='lat' dir='ltr'>ipsum</span> 
     </span>
     <span class='ocr_line' id='line_1_39' title="bbox 358 4047 1313 4131; baseline 0.002 -24"><span class='ocrx_word' id='word_1_288' title='bbox 358 4047 461 4107; x_wconf 90' lang='lat' dir='ltr'>eodem</span> <span class='ocrx_word' id='word_1_289' title='bbox 480 4051 591 4129; x_wconf 89' lang='lat' dir='ltr'>impetu</span> <span class='ocrx_word' id='word_1_290' title='bbox 611 4052 707 4130; x_wconf 87' lang='lat' dir='ltr'>oepit:</span> <span class='ocrx_word' id='word_1_291' title='bbox 730 4052 866 4110; x_wconf 77' lang='lat' dir='ltr'>animetis</span> <span class='ocrx_word' id='word_1_292' title='bbox 884 4072 942 4112; x_wconf 89' lang='lat' dir='ltr'>non</span> <span class='ocrx_word' id='word_1_293' title='bbox 964 4052 1059 4111; x_wconf 89' lang='lat' dir='ltr'>minus</span> <span class='ocrx_word' id='word_1_294' title='bbox 1079 4050 1216 4131; x_wconf 83' lang='lat' dir='ltr'>exemplo</span> <span class='ocrx_word' id='word_1_295' title='bbox 1234 4053 1313 4129; x_wconf 88' lang='lat' dir='ltr'>regis</span> 
     </span>
     <span class='ocr_line' id='line_1_40' title="bbox 358 4144 1311 4228; baseline 0.007 -25"><span class='ocrx_word' id='word_1_296' title='bbox 358 4144 471 4214; x_wconf 85' lang='lat' dir='ltr'>ceteris,</span> <span class='ocrx_word' id='word_1_297' title='bbox 493 4166 581 4225; x_wconf 90' lang='lat' dir='ltr'>quam</span> <span class='ocrx_word' id='word_1_298' title='bbox 603 4148 723 4208; x_wconf 89' lang='lat' dir='ltr'>solicitis</span> <span class='ocrx_word' id='word_1_299' title='bbox 743 4148 883 4228; x_wconf 82' lang='lat' dir='ltr'>periculo,</span> <span class='ocrx_word' id='word_1_300' title='bbox 901 4159 932 4209; x_wconf 92' lang='lat' dir='ltr'>et</span> <span class='ocrx_word' id='word_1_301' title='bbox 953 4157 1106 4227; x_wconf 90' lang='lat' dir='ltr'>utramque</span> <span class='ocrx_word' id='word_1_302' title='bbox 1127 4148 1166 4206; x_wconf 95' lang='lat' dir='ltr'>ob</span> <span class='ocrx_word' id='word_1_303' title='bbox 1188 4167 1311 4210; x_wconf 77' lang='lat' dir='ltr'>causum</span> 
     </span>
     <span class='ocr_line' id='line_1_41' title="bbox 358 4242 1310 4325; baseline 0.005 -26"><span class='ocrx_word' id='word_1_304' title='bbox 358 4260 471 4300; x_wconf 82' lang='lat' dir='ltr'>summa</span> <span class='ocrx_word' id='word_1_305' title='bbox 501 4244 685 4303; x_wconf 88' lang='lat' dir='ltr'>contentione</span> <span class='ocrx_word' id='word_1_306' title='bbox 720 4247 926 4325; x_wconf 77' lang='lat' dir='ltr'>pugnantibus.</span> <span class='ocrx_word' id='word_1_307' title='bbox 982 4242 1168 4305; x_wconf 80' lang='lat' dir='ltr'>Sacrificsuit</span> <span class='ocrx_word' id='word_1_308' title='bbox 1200 4242 1310 4304; x_wconf 85' lang='lat' dir='ltr'>deinde</span> 
     </span>
    </p>
   </div>
   <div class='ocr_carea' id='block_1_4' title="bbox 0 0 1464 4767">
    <p class='ocr_par' dir='ltr' id='par_1_4' title="bbox 0 0 1464 4767">
     <span class='ocr_line' id='line_1_42' title="bbox 0 0 1464 4767; baseline 0 3"><span class='ocrx_word' id='word_1_309' title='bbox 0 0 1464 4767; x_wconf 95' lang='lat' dir='ltr'> </span> 
     </span>
    </p>
   </div>
  </div>
 </body>
</html>
