2917 4767
400 420 507 469 ursui
533 420 587 468 xr.
611 417 937 470 sunrnaunuruu.
1132 400 1220 467 1417

91 564 157 622 utel
169 582 207 622 ex
221 562 347 640 legibus
355 562 519 642 plebeique
531 562 611 621 scitis
631 562 758 639 exigere,
772 560 919 640 judicare,
938 581 1060 643 esseque

94 658 232 738 oportet’
265 658 350 724 Quo
362 658 465 736 capite
478 657 652 716 muletarum
664 675 781 736 quoque
786 657 997 735 exigendarum
1009 679 1062 738 po·

95 762 183 813 testas
194 752 363 833 ipsisdats
376 752 512 811 videtur:
534 752 784 813 ‘sacramentum'
804 754 883 812 enim
901 754 938 812 iis
949 764 1063 834 tempo-

93 849 174 908 ribus
194 850 310 908 vocari
323 848 455 916 solebat,
469 847 548 925 quod
561 867 654 927 poenae
677 849 794 907 nomine
806 848 987 927 pendebatur
1011 868 1063 919 us,

94 944 239 1021 quoniam
260 942 348 1001 illud
369 944 410 1001 ob
422 960 567 1003 sacrorum
587 942 772 1021 publicorum
792 943 1018 1015 multitudinem,
1033 951 1066 1002 et

95 1039 251 1115 augrmtias
281 1037 401 1107 aemrii,
417 1034 626 1095 sacrificiorum
640 1037 778 1116 impensis
788 1037 930 1097 destinari
942 1058 1064 1097 consue·

96 1142 190 1191 verat.
221 1132 352 1191 Census
365 1150 484 1209 quoque
502 1150 538 1189 eo
555 1150 632 1191 anno
646 1133 703 1191 acti
717 1134 859 1191 memoria
871 1152 928 1191 non
943 1132 1005 1191 alia
1016 1152 1064 1191 su·
1092 1150 1147 1201 Lis.
1159 1147 1223 1212 spic

97 1236 206 1306 pereat,
224 1246 326 1305 quarn
340 1224 423 1304 quod
435 1226 543 1284 civium
555 1225 792 1305 capitaducentu
813 1228 998 1306 septuaginta
1007 1228 1065 1286 tria
1078 1229 1115 1262 ¹¹·

99 1322 198 1380 millia
214 1341 317 1380 censa
333 1320 482 1378 dicuntur.
524 1319 695 1400 Principem
708 1332 826 1381 senatus
838 1323 878 1380 ab
890 1322 935 1380 bis
947 1342 1065 1401 quoque

100 1416 278 1475 censoribus
291 1415 407 1474 lectum
420 1414 507 1473 tuisse
528 1415 569 1479 Q.
586 1414 711 1475 Fabium
722 1416 890 1475 Maximum
901 1428 983 1477 certa
992 1436 1064 1477 con·

95 1514 218 1587 jecmra
238 1519 300 1579 est,
322 1508 407 1587 quod
427 1508 546 1569 aliunde
561 1510 669 1569 scimus
680 1530 719 1569 ex
732 1530 769 1569 ea
790 1520 876 1588 gente
895 1512 1065 1570 continuum

101 1625 170 1665 eum
182 1606 337 1665 honorem
359 1604 452 1663 tribus
472 1605 620 1675 mansisse,
638 1614 671 1664 ut
684 1605 836 1665 Maximus
854 1616 1006 1686 acceptum
1026 1606 1066 1665 ab
1091 1620 1226 1672 Plinffm.

105 1698 262 1759 Ambusto
276 1708 367 1779 patre
380 1718 449 1757 mox
464 1698 503 1757 ad
517 1698 671 1777 Gurgitem
684 1699 778 1759 filium
790 1702 989 1761 transmiserit.
1077 1685 1228 1737 N¹i'¹¹·⁴¹·

144 1801 199 1855 24.
223 1793 365 1864 Interea,
386 1812 455 1851 cum
476 1793 545 1852 ioris
564 1814 610 1853 res
629 1796 700 1854 satis
720 1794 796 1855 letae
812 1807 917 1867 essent,
931 1796 1067 1875 gravibus

107 1888 192 1948 domi
203 1888 366 1949 discordiis
378 1887 623 1967 seditionibusque
636 1890 802 1967 laboratum
814 1900 870 1951 est.
900 1891 997 1950 Plebs
1009 1910 1067 1951 are
1094 1896 1150 1944 Ltv.
1162 1892 1229 1957 Epit-

110 1982 214 2041 alieno
227 2002 370 2063 opprema
385 2002 477 2041 nouas
490 1983 607 2041 tabulas
624 1982 790 2061 flagitabat,
806 2004 867 2044 rem
882 1994 1023 2055 veterem,
1038 1994 1069 2044 et
1080 1975 1166 2071 {sm
1276 1976 1280 1983 ’

109 2079 149 2137 ab
164 2077 306 2139 ducentis
322 2076 450 2156 amplius
465 2078 548 2136 annis
568 2080 648 2139 varie
661 2081 822 2157 jactatam,
838 2088 872 2138 ut
887 2078 1071 2139 nnbutenos
1081 2086 1146 2135 Plor.
1158 2099 1178 2132 ι.
1187 2086 1229 2133 aa.

108 2172 220 2252 aliquis
235 2174 376 2231 tribunus
391 2172 429 2231 ad
445 2172 670 2232 commovendos
685 2172 879 2234 multitudinis
892 2175 1005 2234 animos
1018 2174 1070 2234 sti·

112 2267 227 2327 mulum
242 2288 315 2327 eum
332 2266 514 2337 admoverat,
530 2276 582 2326 aut
598 2268 783 2348 improbitate
798 2267 1002 2329 ioeneratonrm
1018 2290 1069 2349 po·

111 2362 175 2441 puli
191 2361 361 2439 indignatio
376 2370 534 2421 exarserat.
569 2360 629 2420 Sed
645 2363 699 2421 sub
715 2364 858 2443 prioribus
873 2364 987 2442 aliquot
1000 2384 1069 2423 con-

111 2457 227 2515 sulibua
242 2456 415 2515 morborum
437 2464 488 2514 aut
508 2455 632 2514 bostium
649 2466 742 2516 metus
759 2459 933 2518 remissiores
948 2460 977 2517 in
998 2461 1069 2518 urbe

113 2552 323 2610 contentiones
342 2550 462 2609 lecerat.
504 2550 546 2615 Q.
571 2550 686 2611 Marcio
700 2551 850 2625 Pramnio,
872 2553 914 2613 P.
932 2553 1070 2613 Cornelio

116 2644 237 2705 Arvina
249 2642 445 2715 consulibua)
456 2644 562 2703 deinde
576 2647 708 2725 proximo
724 2646 823 2716 anuo,¹
835 2668 902 2707 cum
917 2648 964 2709 M.
978 2648 1069 2709 Clau·

114 2740 183 2799 dius
193 2739 372 2810 Marcellus,
387 2740 426 2799 0.
436 2738 568 2798 Nautius
581 2738 703 2799 Rutilus
716 2742 915 2817 magistratum
930 2753 1072 2819 gererent,

118 2838 247 2913 majores
263 2834 418 2913 aliquanto
435 2842 530 2893 motus
545 2835 721 2893 extiterunt:
744 2834 782 2894 ad
796 2854 871 2912 quos
882 2837 1074 2915 comprimen-

118 2928 290 3006 docmgb
302 2946 392 3008 quam
406 2928 618 2988 ulliusalterius
628 2928 738 3007 negotii
752 2928 968 3000 bellivecausa,
977 2930 1072 2989 dicta·

122 3032 220 3083 torem
238 3022 326 3082 inisse
346 3023 459 3081 dictim
478 3024 642 3083 existimem
665 3022 800 3101 Appium
829 3022 998 3094 Claudium,
1021 3026 1072 3104 qui
1341 3086 1350 3105 ,

120 3118 231 3177 deinde
246 3116 353 3178 Gmcus
366 3126 411 3177 est
423 3120 652 3195 cognominatus,
667 3136 756 3197 quem
764 3117 937 3176 dictatorem
944 3117 1032 3177 fuisse
1042 3119 1236 3179 minucianus.

120 3214 252 3294 antiquis
264 3214 459 3274 monumentis
470 3216 590 3295 reperio.
1083 3196 1217 3257 mm

161 3316 216 3370 ab.
238 3308 319 3367 Sane
341 3318 446 3387 praeter
461 3311 649 3369 acerbitatem
665 3309 836 3390 iniquissimi
850 3307 977 3382 luroris,
985 3309 1074 3369 etiam
1085 3258 1234 3377 pm?

4 3384 5 3461 i
122 3402 239 3464 aruis
262 3402 303 3465 c.
318 3402 414 3463 Plotii
435 3403 527 3464 iratas
549 3406 633 3483 agra
648 3408 715 3483 jon
735 3406 885 3465 namnum
905 3406 1018 3477 mima,
1041 3399 1126 3465 ut⁸P·
1147 3384 1221 3448 eon

1085 3465 1125 3498 an·
1134 3452 1192 3497 dol.

4 3502 5 3523 ¹
121 3498 212 3558 citius
237 3504 329 3576 atque
355 3492 553 3558 vehementius
575 3499 808 3570 exardescerent,
830 3501 957 3579 subjecit
984 3500 1073 3560 laces.
1102 3512 1237 3561 vstitu.

126 3592 214 3653 Huic
225 3592 265 3653 Τ.
280 3591 433 3665 Veturius,
446 3593 525 3653 filius
536 3597 601 3673 ejus
614 3594 741 3666 Veturii,
755 3596 807 3675 qui
822 3595 923 3655 consul
939 3597 978 3656 ob
991 3605 1076 3676 turpe
1087 3580 1238 3703 fflyw

124 3687 222 3748 loedus
234 3686 413 3747 Samnitium
426 3688 536 3769 populo
547 3688 663 3748 deditus
677 3689 783 3759 linerat,
796 3709 863 3748 curu
876 3691 916 3750 ob
927 3690 1078 3749 calamita·
1089 3703 1172 3753 vae..

126 3791 190 3842 tem
208 3782 401 3842 domesticam
422 3783 461 3841 ad
483 3803 524 3843 aas
540 3784 667 3843 alienum
682 3784 849 3865 compulsus
867 3784 1008 3863 soluendo
1020 3804 1079 3843 non

127 3886 218 3946 anet.
232 3877 261 3935 in
275 3897 424 3937 nexumse
438 3877 552 3937 dedidit
561 3877 673 3949 lubens,
682 3880 838 3959 omniaque
850 3879 967 3939 servilia
979 3878 1078 3937 minis·

5 4014 6 4019 κ
126 3972 567 4051 teriepatienterexecubrsest.
589 3972 707 4033 Plotius
715 3974 975 4043 adolescentulum,
984 3972 1079 4033 lorma

129 4064 256 4137 liberali,
264 4086 303 4125 ex
312 4087 421 4145 magna
433 4088 485 4149 spe
494 4068 653 4129 consularis
662 4068 782 4129 familiae
789 4069 829 4128 ad
838 4066 946 4127 infimae
953 4066 1078 4129 fortunae

161 4207 175 4243 ¹
192 4208 225 4260 A.
235 4210 271 4261 U.
282 4210 313 4262 C.
325 4216 384 4264 464.
402 4210 435 4262 Α.
447 4212 477 4263 C.
487 4216 544 4266 288.
672 4214 681 4248 ¹
697 4214 732 4267 A.
742 4216 777 4265 U.
788 4218 818 4267 C.
828 4220 885 4269 lut.
902 4216 935 4267 Α.
947 4218 978 4269 C.
987 4222 1045 4269 28⁷.

198 4306 288 4371 nuspa.
300 4314 325 4360 et
338 4308 397 4359 Ver·
408 4308 473 4361 Clas.
658 4310 752 4364 Liuiae.
830 4383 836 4392 .
1119 4321 1134 4365 t
1152 4316 1175 4364 B
