2917 4767
716 338 751 386 T.
776 333 869 387 tlvtl

284 520 290 531 ι
397 485 467 562 quia
480 483 641 543 communis
654 483 723 541 boni
742 484 840 562 specie
860 484 1046 561 tegebantur,
1068 491 1251 559 utcumque
1266 478 1381 539 tolera-

396 580 478 638 bant.
534 578 700 657 Postquam
727 588 826 637 autem
855 598 906 639 eos
928 580 1017 659 ipsos,
1044 598 1174 657 quorum
1218 576 1379 636 beneficio

396 676 525 734 maxima
540 673 674 733 Siciliam
695 674 873 745 obtinuerat,
890 675 1018 734 interimi
1039 675 1153 745 videre,
1181 692 1252 732 non
1267 672 1378 752 paula-

395 772 459 839 tim,
481 790 575 848 neque
594 790 674 830 mora
696 770 880 851 interposita,
898 770 950 830 sed
974 770 1072 828 subito
1097 770 1223 829 aversis
1252 768 1375 839 animis,

394 866 478 925 multi
491 866 592 946 populi
615 867 653 925 ab
666 868 732 945 ejus
745 867 876 925 amicitia
892 866 1097 936 desciscentes,
1119 874 1154 923 ut
1174 866 1301 942 cuique
1320 885 1375 943 op

394 971 551 1043 portunum
572 972 646 1031 erat,
661 962 714 1021 alii
728 961 843 1031 Poenis,
858 962 910 1021 alii
929 961 1116 1021 Mamertinis
1127 982 1161 1020 se
1184 959 1372 1040 applicave-

393 1067 469 1118 runt.
511 1057 603 1118 Adeo
637 1058 772 1119 nimirum
797 1057 968 1126 crudelitas,
993 1057 1082 1117 etiam
1104 1076 1178 1116 cum
1209 1056 1288 1115 sola
1314 1065 1371 1124 est,

392 1174 505 1234 semper
515 1156 623 1233 gravis,
634 1155 752 1233 penitus
764 1154 799 1214 lit
811 1154 1015 1223 intolerabilis,
1025 1163 1200 1233 postquam,
1217 1152 1369 1211 adversus

391 1250 584 1309 benemeritos
596 1251 737 1319 exercita,
752 1251 875 1329 propriis
884 1248 1058 1309 odiisetiam
1066 1249 1176 1326 ingrati
1187 1246 1367 1328 perfidique

393 1344 484 1403 animi
496 1344 724 1405 detestationem
738 1345 886 1423 adjunxit.

432 1446 480 1499 18.
504 1439 598 1499 Hanc
611 1450 709 1500 autem
728 1442 758 1499 in
771 1441 974 1500 necessitatem
987 1441 1016 1500 vi
1029 1449 1138 1499 cuncta
1150 1438 1319 1499 tractandi
1332 1458 1363 1496 se

392 1536 519 1595 maxime
533 1534 647 1595 videtur
661 1536 799 1607 induisse,
813 1536 884 1597 dum
898 1536 996 1616 pravis
1002 1555 1119 1595 suorum
1133 1534 1362 1615 cupiditatibus

229 1639 332 1703 Dionys.
338 1654 378 1706 sp.
391 1630 577 1711 consiliisque
592 1633 678 1691 nimis
689 1634 870 1712 obsequitur.
913 1630 976 1691 His
985 1632 1064 1691 enim
1081 1652 1164 1712 opes,
1181 1632 1299 1691 amicis
1308 1638 1361 1688 aut

229 1702 312 1757 valen.
391 1728 560 1787 necessariis
572 1726 753 1806 Agathoclis
773 1728 917 1798 ademtas,
931 1726 1011 1814 dono
1030 1727 1135 1797 dabat,
1147 1726 1252 1786 nihilo
1266 1744 1357 1805 quam

390 1822 506 1882 fuerant
518 1822 562 1881 illi
576 1824 762 1883 melioribus:
784 1824 972 1901 magistratus
990 1823 1106 1882 urbium
1119 1822 1298 1903 praecipuos
1309 1840 1356 1880 sa·

387 1917 533 1978 tellitihus
553 1928 605 1979 aut
626 1919 846 1979 centurionibus
871 1918 931 1977 suis
947 1918 1163 1991 committebat,
1184 1936 1290 1996 neque
1316 1936 1354 1975 ex

388 2014 527 2075 institutis
540 2025 591 2076 aut
603 2015 733 2075 moribus
744 2015 910 2084 civitatum,
925 2034 1020 2094 neque
1033 2014 1063 2073 iu
1083 2013 1253 2093 legitimum
1276 2021 1353 2071 tem·

388 2129 453 2189 pus,
466 2110 518 2169 sed
540 2110 688 2189 quomodo
707 2120 739 2169 et
751 2110 851 2189 quoad
873 2111 928 2189 ipsi
947 2110 1115 2191 placuisset.
1158 2110 1248 2170 Lites
1260 2117 1351 2186 atque

387 2208 609 2276 controversias,
617 2206 859 2285 publicorumque
870 2208 1051 2283 negotiorum
1057 2206 1351 2265 administrationem

386 2320 501 2361 omnem
515 2302 554 2360 ad
573 2322 604 2360 se
616 2310 758 2372 traxerat,
773 2301 914 2381 pleraque
935 2301 1130 2361 familiaribus
1142 2302 1345 2368 committens,

385 2415 459 2475 quos
468 2396 600 2455 habebat
612 2396 737 2456 avaritia
757 2395 935 2475 luxuriaque
949 2396 1152 2466 detestabiles,
1166 2396 1221 2476 qui
1235 2414 1346 2473 cogen-

384 2492 430 2551 dis
457 2512 508 2571 per
528 2490 672 2569 flagitium
691 2492 905 2572 perdendisque
928 2492 1061 2573 muniis
1084 2494 1197 2572 pariter
1224 2492 1341 2561 intenti,

310 2596 319 2609 ¹
384 2587 455 2647 dum
467 2586 583 2646 libidini
598 2606 658 2647 suaa
671 2587 885 2658 satisfacerent,
894 2591 947 2668 jus
964 2589 1160 2667 injuriamque
1173 2590 1204 2648 iu
1218 2587 1344 2670 promis·

383 2702 440 2745 cuo
453 2684 612 2745 habebant.
655 2682 784 2743 Irritatis
797 2686 837 2743 ob
859 2684 923 2743 haec
941 2685 1059 2753 animis,
1071 2705 1201 2744 mussare
1214 2686 1338 2765 primum

383 2780 525 2851 homiues,
537 2774 722 2860 mox'palaru
734 2780 817 2859 queri
829 2800 837 2839 r
860 2780 942 2839 ‘Gur
952 2781 1041 2857 igitur
1057 2782 1162 2860 prioris
1171 2790 1268 2841 status
1280 2800 1338 2859 poe·

382 2876 527 2946 nituisset,
537 2876 561 2935 si
575 2896 652 2936 nunc
664 2876 757 2937 etiam
769 2876 925 2935 toleranda
947 2874 1053 2935 eadem
1074 2876 1191 2936 forent?
1215 2876 1336 2937 Frustra

381 2979 517 3031 vocaturn
530 2982 740 3052 receptumque
751 2972 913 3051 Pyrrhum,
921 2972 947 3030 si
959 2972 1077 3031 studeat
1085 2971 1218 3031 aemulari
1231 2990 1336 3039 mores,

381 3086 454 3147 quos
470 3067 622 3147 puniturus
636 3068 820 3128 advenisset:
843 3088 939 3146 neque
960 3067 1102 3126 acriorem
1114 3066 1206 3126 ullius
1219 3067 1333 3146 injuria

378 3182 494 3223 sensum
515 3184 588 3234 esse,
603 3183 692 3243 quam
712 3164 799 3241 cujus
818 3171 922 3223 auctor
941 3163 1097 3223 haberetur
1115 3162 1194 3223 idem
1207 3160 1333 3239 ille,qui

378 3258 489 3319 vindex
502 3236 565 3317 adse
577 3257 749 3318 debuisset!

418 3360 468 3413 19.
489 3352 509 3411 J
512 3373 617 3433 amque
626 3352 709 3412 multi
721 3352 802 3412 haud
809 3354 932 3413 obscure
942 3354 1070 3413 studium
1082 3374 1224 3414 novarum
1238 3370 1329 3413 rerum

377 3468 437 3529 prae
450 3468 481 3507 se
492 3448 642 3509 ferebant:
664 3470 732 3509 cum
746 3450 808 3520 ille,
819 3450 858 3510 ad
867 3452 993 3531 pessima
1005 3451 1195 3510 consiliorum
1208 3468 1326 3510 couver-

377 3566 436 3615 sus,
464 3565 569 3624 augere
596 3566 700 3607 causas
724 3546 930 3617 offensionum,
958 3566 1047 3625 quam
1071 3548 1177 3607 tollere
1204 3544 1325 3607 maluit:

377 3642 473 3721 quasi,
496 3642 575 3722 quod
596 3664 649 3723 per
672 3644 846 3722 injustitiam
871 3653 1027 3725 peccatum
1049 3644 1157 3714 fuerat,
1180 3641 1324 3703 emendari

211 3757 293 3806 zona.
377 3739 491 3799 saevitia
515 3748 622 3819 posset.
678 3740 799 3799 Interea
825 3740 1092 3817 Carthaginienses,
1127 3738 1325 3799 animadverso

377 3856 474 3915 regem
488 3840 610 3919 propriis
621 3840 733 3899 viribus
745 3838 825 3898 haud
838 3860 908 3899 sane
917 3838 1061 3909 validum,
1075 3838 1207 3918 quotidie
1217 3839 1322 3898 minore

377 3934 455 4013 apud
469 3933 587 3995 Siculos
606 3934 714 3995 affectu
726 3936 837 4007 haberi,
859 3936 949 3996 erecti
967 3935 998 3995 in
1020 3955 1100 4017 spem
1121 3931 1321 4015 recuperanda

210 4044 317 4111 Dionys.
376 4030 667 4110 provinciaram
689 4032 852 4091 exercitum
870 4033 1025 4099 miserarum
1049 4032 1215 4111 passimque
1231 4038 1319 4087 trans·

211 4140 294 4193 zonar.
376 4123 554 4204 fugientibus
566 4128 617 4207 qui
628 4127 738 4208 Pyrrhi
750 4129 894 4189 εωνὴίαιιι
901 4127 1241 4209 metuebantpegou'um
1250 4121 1317 4203 Epi·
