2917 4767
232 312 325 420 Ι1682
716 365 752 412 τ.
777 363 871 413 arun
941 393 943 398 .

240 513 316 589 ciis,
330 509 413 576 nibil
434 509 476 573 de
498 507 694 589 Saguntinis
712 506 792 591 (nac
809 503 889 570 dum
905 506 995 570 enim
1014 503 1108 571 erant
1122 503 1208 571 coeit
1223 505 1355 584 ventri)

240 621 376 678 cantum
398 620 464 676 cst·
506 609 555 672 At
576 609 664 672 enim
686 608 729 682 'eo
751 607 888 686 foedcre,
910 609 1100 690 quodcum
1123 608 1357 673 Hasdrubale

239 720 343 782 ictum
370 722 433 791 est,
456 713 633 796 Saguntini
657 711 885 793 excipiuntur.
941 709 1115 776 Adversus
1141 709 1233 792 quud
1262 709 1357 774 nibil

239 841 305 902 ego
327 819 475 883 dicturus
499 835 585 894 eum,
606 814 673 878 niai
688 814 788 898 'quod
815 832 837 876 a
860 811 957 878 vobis
980 812 1095 876 didici.
1140 812 1217 876 Vos
1243 811 1356 880 enirn,

240 920 331 1004 quod
353 920 392 985 C.
408 918 568 983 Lutatius
589 916 709 980 conani
731 916 839 998 primo
857 915 1034 979 nobiscum
1047 915 1159 980 soedus
1172 914 1245 991 icit,
1262 913 1357 996 quia

239 1035 347 1108 nequa
371 1021 572 1086 auctoritate
598 1019 748 1097 Petrum,
774 1031 834 1082 nac
860 1017 981 1102 popuii
1000 1017 1102 1098 jussu
1128 1017 1233 1080 ictum
1257 1021 1354 1088 errat,

240 1124 392 1204 negastis
415 1138 477 1186 voa
503 1140 544 1185 co
568 1121 686 1184 teneri.
741 1119 862 1202 Itaque
888 1118 977 1182 aliud
992 1119 1047 1182 'de
1073 1119 1204 1199 integro
1226 1117 1355 1180 foedus

240 1225 376 1308 publico
394 1221 655 1287 conciliciatum
677 1226 740 1285 est.
783 1220 821 1285 Si
843 1239 905 1284 vos
924 1217 988 1284 uon
1008 1227 1122 1284 tenent
1143 1218 1358 1286 vestra‘foe·

241 1326 333 1403 dere,
356 1326 421 1389 nisi
444 1342 489 1388 ex
515 1323 715 1388 auctoritato
738 1328 797 1386 aut
813 1321 1046 1405 juscn'veetro
1068 1322 1191 1400 icte3¹⁵
1215 1339 1259 1384 ne
1283 1337 1358 1383 noe

241 1427 373 1510 quidem
396 1425 625 1490 Hasdrubalis
647 1424 773 1500 scius,
790 1422 882 1507 qnod
904 1423 1003 1486 nobis
1025 1422 1143 1486 insciis
1165 1422 1241 1497 icit,
1256 1420 1357 1486 obli·

241 1546 320 1609 gare
341 1529 462 1610 potuit.
513 1523 659 1590 Proinde
681 1527 826 1591 omittite
849 1525 989 1608 Sagunti
1012 1531 1114 1608 atque
1136 1523 1229 1587 Iberi
1250 1538 1354 1588 rnen·

241 1629 368 1694 tionem
389 1629 512 1707 facere,
531 1636 578 1705 et,
598 1628 689 1713 quod
710 1628 770 1692 diu
780 1627 807 1668 ¹⁶
828 1628 972 1712 parturit
995 1628 1123 1690 animus
1146 1631 1270 1702 vester,
1287 1625 1351 1689 ali·

241 1731 376 1814 quando
384 1729 514 1814 pariat?
545 1730 634 1795 Tum
644 1729 832 1807 Romanus,
842 1731 917 1794 sinn
930 1747 975 1794 ex
986 1736 1065 1810 toga
1076 1727 1195 1805 factal
1202 1733 1217 1771 ⁸
1230 1724 1353 1804 ‘Hic'

240 1831 362 1914 inquit,
380 1833 500 1897 ‘vobis
522 1832 645 1896 bellam
668 1837 703 1895 et
724 1849 843 1914 pacem
866 1835 1058 1912 portemus;
1085 1835 1194 1895 utrum
1216 1827 1352 1910 placet,

242 1935 383 1998 sumite?
433 1934 505 1999 Sub
526 1934 614 1998 hanc
635 1951 754 1998 rocem
779 1931 868 1996 haud
893 1933 1004 1996 minua
1026 1931 1189 2006 ferociter,
1216 1929 1352 2003 ‘daret

242 2041 351 2099 utrum
365 2033 500 2113 vellet:¹²
513 2035 757 2100 succlamatum
769 2044 834 2098 est.
880 2034 1016 2098 Etcum
1032 2034 1062 2096 is
1075 2032 1196 2098 iterum
1210 2032 1287 2096 sinu
1298 2029 1350 2094 es·

273 2168 284 2202 ⁶
304 2169 426 2220 Eoetrerrria
435 2175 500 2231 roge
511 2169 562 2219 oria
572 2168 610 2218 tte
618 2167 731 2228 mucor,
742 2171 769 2214 ru
779 2167 846 2216 daut
856 2149 1105 2232 tt'ueeuritrtajleret.¹

702 2293 886 2316 mentum

241 2363 306 2410 —rt
324 2361 356 2410 la
366 2377 412 2424 qao
422 2367 518 2411 eorem
527 2359 596 2411 Edd.
609 2339 674 2410 'ante
687 2361 834 2413 little-15
853 2362 924 2414 Olim
939 2361 1076 2426 legebatur
1093 2361 1142 2410 aiei
1157 2375 1188 2411 ra:
1202 2362 1352 2411 auctoritate

739 2475 848 2526 NOTAE

242 2569 291 2619 dua
310 2569 378 2618 inter
398 2569 530 2619 Lutatium
547 2575 576 2620 et
595 2569 771 2620 Hamilcarem
813 2581 840 2621 et
852 2573 970 2622 Auctore
981 2573 1015 2622 de
1026 2571 1075 2640 ric.
1087 2571 1181 2622 illustr.
1192 2571 1292 2635 quibua
1303 2571 1350 2620 ad·

240 2645 335 2696 initum
347 2645 429 2708 priuro
440 2644 508 2693 bello
524 2645 624 2696 Punico
635 2644 712 2694 tinem
724 2647 771 2694 irn-
813 2648 864 2698 huc
877 2650 1009 2712 graviore·
1026 2651 1143 2714 adjectae,
1154 2648 1266 2697 ardente
1279 2647 1349 2696 bello
1452 2629 1453 2694 J

243 2721 330 2783 poaolt
339 2733 406 2769 anuo
417 2722 451 2773 U.
469 2721 500 2770 C·
516 2725 575 2770 512.
609 2723 773 2772 Convenerat
813 2721 1228 2788 Africanamqrrocrpmta.
1246 2723 1349 2772 Ultimo
1452 2719 1453 2774 i

243 2803 330 2847 autera
342 2805 370 2845 nt
382 2798 501 2846 univerae
510 2798 597 2847 Sicilia
609 2798 684 2848 Poeni
696 2812 772 2848 exce·
812 2797 922 2862 fudere,
933 2803 1002 2866 quod
1018 2800 1043 2849 in
1063 2799 1190 2863 Hispania
1206 2813 1267 2848 cum
1280 2797 1349 2850 nu-

243 2873 346 2936 dereot,
356 2873 451 2923 bellum
461 2888 518 2922 curn
531 2873 647 2923 Hierone
658 2875 770 2937 etSyra·
814 2875 921 2925 drubale
941 2876 1020 2925 ictnrn
1039 2873 1135 2934 socrat,
1151 2875 1300 2924 cavebatur
1317 2888 1349 2924 ne

236 2950 346 3008 ⁴eurania
357 2949 487 3012 aociiaque
497 2964 586 2999 eorum
597 2963 630 2998 oe
641 2953 772 3012 gererent,
813 2951 906 3001 liceret
914 2949 1291 3016 Carthaginienaiboalberurn
1301 2949 1350 3000 flu·
1452 3013 1453 3024 γ

242 3027 362 3091 captiroa
372 3027 428 3076 alne
447 3027 542 3089 pretio,
557 3027 674 3091 itemque
689 3035 773 3076 traua·
813 3039 872 3076 tacu
886 3025 1004 3078 transire.
1027 3027 1097 3074 Hinc
1110 3031 1221 3088 apparet
1232 3039 1285 3074 nou
1295 3033 1349 3074 ate·

243 3101 324 3165 fagea,
338 3101 476 3153 confertim
490 3101 650 3166 redderent5
665 3103 728 3151 coeii
744 3117 771 3152 u-
814 3103 875 3151 time
890 3103 1018 3151 Romanoa
1031 3099 1224 3150 conditionibua
1241 3101 1350 3152 frederia
1452 3155 1453 3164 ἶ

243 3183 358 3247 trinaque
375 3182 464 3246 populi
482 3181 515 3231 ab
532 3188 644 3247 utroque
662 3182 711 3228 toti
734 3178 772 3229 io·
815 3178 871 3226 aC.
885 3176 991 3226 Lutatio
1005 3178 1110 3225 concute
1125 3191 1183 3225 oum
1195 3177 1349 3229 Hamilcare

244 3265 317 3318 reot;
334 3258 419 3306 nentri
439 3259 465 3307 iu
484 3257 592 3307 alteriue
611 3257 710 3306 ditione
728 3256 773 3305 im·
814 3253 888 3314 initi;
905 3253 977 3317 quasi
997 3265 1048 3300 non
1067 3253 1157 3314 populi
1170 3253 1246 3314 jnaau
1259 3253 1346 3303 'ictum
1452 3277 1453 3292 1

242 3331 352 3394 perandi
364 3333 502 3395 publicare
514 3331 773 3394 inedificondimili·
814 3327 846 3377 ab
866 3343 898 3378 eo
919 3334 1007 3388 eraet5
1033 3341 1084 3376 nec
1104 3328 1241 3378 immerito·
1253 3330 1346 3380 eodem
1452 3345 1453 3400 j

243 3409 310 3457 tiare
322 3407 383 3456 inde
394 3407 547 3456 condictodi
561 3408 607 3470 jue
625 3414 710 3468 earet3
729 3421 773 3457 ne·
808 3405 869 3468 jure
885 3405 979 3454 Poerroe
991 3403 1030 3454 uti
1049 3405 1164 3467 potuiaae
1178 3404 1347 3456 circeredus

244 3497 295 3546 que
317 3482 425 3531 alteriue
447 3481 536 3545 populi
556 3482 640 3530 eocioa
660 3481 728 3530 alter
747 3483 772 3530 in
814 3479 994 3540 fluctuantia,
1005 3477 1130 3542 etquidem
1143 3479 1241 3544 iajcaur
1256 3493 1347 3531 eorum
1452 3477 1453 3528 l

244 3558 396 3607 aoeietatem
407 3557 572 3621 admitteret:
590 3557 773 3622 idquepraeter
813 3555 893 3606 ictum
902 3564 970 3606 erat.
987 3555 1045 3606 Niri
1057 3556 1126 3620 quod
1138 3556 1164 3604 irr
1175 3557 1220 3605 illo
1231 3557 1348 3607 uomina·
1452 3565 1453 3568 ’

163 3672 171 3680 .
243 3634 380 3698 pecuniam
397 3633 494 3683 vicenis
507 3632 672 3695 pensionibur
683 3633 772 3683 anania
813 3631 1073 3686 timenutumfucrat,
1082 3645 1114 3681 ne
1125 3635 1210 3681 ratuoi
1218 3634 1347 3685 eatetniai

244 3705 408 3774 pendendam
421 3709 537 3758 additum
549 3708 649 3758 soeret:
666 3709 725 3759 hoc
736 3711 773 3759 lta
812 3711 941 3775 probante
949 3711 1046 3759 Senatu
1053 3711 1202 3774 populoque
1209 3711 1346 3775 Romaro;

244 3794 302 3836 rata
321 3785 388 3848 fore,
400 3787 421 3836 ai
442 3785 553 3851 populna
571 3785 702 3835 Romanoa
716 3785 773 3850 jua-
814 3786 840 3835 ln
852 3787 899 3835 lroc
909 3786 992 3834 circite
1003 3780 1103 3834 nitril'in
1114 3789 1224 3848 gratiam
1237 3789 1347 3838 carth·

243 3863 330 3912 aieret.
346 3862 447 3926 Adjicit
457 3861 545 3911 lirina
554 3861 631 3926 hujus
642 3862 701 3911 libri
714 3877 773 3927 cap.
815 3861 967 3924 ginleneirrm
981 3859 1098 3910 additum
1113 3859 1193 3911 iuiaae
1205 3862 1295 3912 birtua
1311 3863 1347 3913 af·

243 3943 285 3989 tl.
298 3947 328 3989 ot
338 3939 485 4004 presidium
499 3939 636 3988 Poenorum
644 3937 677 3986 ab
687 3938 774 4002 Eryce
814 3935 912 3987 firmat.

244 4017 419 4071 emitteretun
430 4014 520 4063 solatia
532 4016 557 4061 io
572 4013 674 4076 cingula
685 4015 773 4077 capita
847 4020 861 4056 t
877 4009 937 4061 Sirra
954 4027 986 4062 ex
996 4009 1137 4074 toguferto]
1161 4011 1237 4063 Quod
1250 4013 1343 4064 tricli-

245 4091 357 4139 decorita
370 4091 529 4140 octodecim:
543 4089 589 4138 aed
603 4090 712 4153 populna
723 4089 774 4140 Ro·
815 4089 870 4138 rius
880 4094 970 4136 notter
986 4088 1073 4150 deam,
1085 4087 1177 4136 Florae
1194 4089 1280 4152 ‘togae
1289 4103 1345 4152 gre·

246 4181 335 4215 manua
346 4167 506 4215 conditiones
524 4164 563 4214 tris
579 4164 698 4214 duriorea
710 4165 773 4215 Car·
814 4166 892 4215 mium
903 4163 910 4184 '
922 4171 1008 4213 vacat.

245 4239 446 4305 tbassinienribna
456 4240 662 4304 inperitiarum
672 4241 774 4292 Zouara
847 4239 860 4276 ¹¹
876 4241 964 4304 Daret,
974 4245 1054 4290 mm
1068 4237 1150 4302 aella]
1166 4237 1280 4290 Variant
1298 4241 1346 4292 lroc
