<?xml version="1.0" encoding="UTF-8"?>
<!DOCTYPE html PUBLIC "-//W3C//DTD XHTML 1.0 Transitional//EN"
    "http://www.w3.org/TR/xhtml1/DTD/xhtml1-transitional.dtd">
<html xmlns="http://www.w3.org/1999/xhtml" xml:lang="en" lang="en">
 <head>
  <title>
</title>
<meta http-equiv="Content-Type" content="text/html;charset=utf-8" />
  <meta name='ocr-system' content='tesseract 3.04.00' />
  <meta name='ocr-capabilities' content='ocr_page ocr_carea ocr_par ocr_line ocrx_word'/>
</head>
<body>
  <div class='ocr_page' id='page_1' title='image "./tliviipatavinih00unkngoog/tliviipatavinih00unkngoog_0197.png"; bbox 0 0 2917 4767; ppageno 0'>
   <div class='ocr_carea' id='block_1_1' title="bbox 374 373 1231 439">
    <p class='ocr_par' dir='ltr' id='par_1_1' title="bbox 374 373 1231 439">
     <span class='ocr_line' id='line_1_1' title="bbox 374 373 1231 439; baseline 0.002 -2"><span class='ocrx_word' id='word_1_1' title='bbox 374 388 476 438; x_wconf 82' lang='lat' dir='ltr'><strong>urnrr</strong></span> <span class='ocrx_word' id='word_1_2' title='bbox 501 388 615 437; x_wconf 82' lang='lat' dir='ltr'><strong>xvrrr.</strong></span> <span class='ocrx_word' id='word_1_3' title='bbox 639 386 964 439; x_wconf 81' lang='lat' dir='ltr'><strong>surrnsussrurr.</strong></span> <span class='ocrx_word' id='word_1_4' title='bbox 1137 373 1231 439; x_wconf 71' lang='lat'><strong>1572</strong></span> 
     </span>
    </p>
   </div>
   <div class='ocr_carea' id='block_1_2' title="bbox 104 528 1222 2361">
    <p class='ocr_par' dir='ltr' id='par_1_2' title="bbox 104 528 1062 993">
     <span class='ocr_line' id='line_1_2' title="bbox 105 528 1062 611; baseline 0.002 -21"><span class='ocrx_word' id='word_1_5' title='bbox 105 532 172 610; x_wconf 74' lang='lat' dir='ltr'><strong>ipso</strong></span> <span class='ocrx_word' id='word_1_6' title='bbox 179 528 338 607; x_wconf 85' lang='lat' dir='ltr'><strong>qnondam</strong></span> <span class='ocrx_word' id='word_1_7' title='bbox 350 528 494 591; x_wconf 86' lang='lat' dir='ltr'><strong>diotarum</strong></span> <span class='ocrx_word' id='word_1_8' title='bbox 508 531 714 601; x_wconf 72' lang='lat' dir='ltr'><strong>admonuisset,</strong></span> <span class='ocrx_word' id='word_1_9' title='bbox 734 532 765 590; x_wconf 89' lang='lat' dir='ltr'><strong>iu</strong></span> <span class='ocrx_word' id='word_1_10' title='bbox 777 552 843 592; x_wconf 87' lang='lat' dir='ltr'><strong>eam</strong></span> <span class='ocrx_word' id='word_1_11' title='bbox 854 534 1062 611; x_wconf 76' lang='lat' dir='ltr'><strong>cogitationem</strong></span> 
     </span>
     <span class='ocr_line' id='line_1_3' title="bbox 105 626 1060 707; baseline 0.003 -22"><span class='ocrx_word' id='word_1_12' title='bbox 105 634 254 695; x_wconf 83' lang='lat' dir='ltr'><strong>venemnt,</strong></span> <span class='ocrx_word' id='word_1_13' title='bbox 284 636 322 684; x_wconf 91' lang='lat' dir='ltr'><strong>ut</strong></span> <span class='ocrx_word' id='word_1_14' title='bbox 354 646 407 705; x_wconf 88' lang='lat' dir='ltr'><strong>per</strong></span> <span class='ocrx_word' id='word_1_15' title='bbox 440 626 524 686; x_wconf 88' lang='lat' dir='ltr'><strong>iilum</strong></span> <span class='ocrx_word' id='word_1_16' title='bbox 551 628 645 707; x_wconf 75' lang='lat' dir='ltr'><strong>ipsum</strong></span> <span class='ocrx_word' id='word_1_17' title='bbox 671 628 799 687; x_wconf 76' lang='lat' dir='ltr'><strong>unanime</strong></span> <span class='ocrx_word' id='word_1_18' title='bbox 823 628 987 697; x_wconf 82' lang='lat' dir='ltr'>crederent,</span> <span class='ocrx_word' id='word_1_19' title='bbox 1014 629 1060 688; x_wconf 85' lang='lat' dir='ltr'><strong>vei</strong></span> 
     </span>
     <span class='ocr_line' id='line_1_4' title="bbox 105 721 1059 803; baseline 0.005 -25"><span class='ocrx_word' id='word_1_20' title='bbox 105 738 215 799; x_wconf 80' lang='lat' dir='ltr'><strong>penem,</strong></span> <span class='ocrx_word' id='word_1_21' title='bbox 228 721 296 790; x_wconf 81' lang='lat' dir='ltr'><strong>vel,</strong></span> <span class='ocrx_word' id='word_1_22' title='bbox 312 721 393 800; x_wconf 87' lang='lat' dir='ltr'><strong>qnod</strong></span> <span class='ocrx_word' id='word_1_23' title='bbox 406 722 566 781; x_wconf 81' lang='lat' dir='ltr'><strong>seeundum</strong></span> <span class='ocrx_word' id='word_1_24' title='bbox 579 742 684 803; x_wconf 77' lang='lat' dir='ltr'><strong>paoem</strong></span> <span class='ocrx_word' id='word_1_25' title='bbox 706 724 899 801; x_wconf 81' lang='lat' dir='ltr'><strong>grutissimum</strong></span> <span class='ocrx_word' id='word_1_26' title='bbox 911 733 996 783; x_wconf 82' lang='lat' dir='ltr'><strong>eruut</strong></span> <span class='ocrx_word' id='word_1_27' title='bbox 1007 724 1059 784; x_wconf 84' lang='lat' dir='ltr'><strong>bn-</strong></span> 
     </span>
     <span class='ocr_line' id='line_1_5' title="bbox 104 816 1061 899; baseline 0.003 -24"><span class='ocrx_word' id='word_1_28' title='bbox 104 816 199 886; x_wconf 90' lang='lat' dir='ltr'><strong>bitnri,</strong></span> <span class='ocrx_word' id='word_1_29' title='bbox 210 817 462 896; x_wconf 82' lang='lat' dir='ltr'><strong>permutationem</strong></span> <span class='ocrx_word' id='word_1_30' title='bbox 471 820 655 897; x_wconf 80' lang='lat' dir='ltr'><strong>captivorum</strong></span> <span class='ocrx_word' id='word_1_31' title='bbox 663 819 812 898; x_wconf 81' lang='lat' dir='ltr'><strong>impetrari</strong></span> <span class='ocrx_word' id='word_1_32' title='bbox 824 839 920 899; x_wconf 88' lang='lat' dir='ltr'><strong>posse.</strong></span> <span class='ocrx_word' id='word_1_33' title='bbox 949 818 1061 899; x_wconf 88' lang='lat' dir='ltr'><strong>Neque</strong></span> 
     </span>
     <span class='ocr_line' id='line_1_6' title="bbox 104 911 1060 993; baseline 0.004 -23"><span class='ocrx_word' id='word_1_34' title='bbox 104 911 282 971; x_wconf 70' lang='lat' dir='ltr'><strong>dubitabant</strong></span> <span class='ocrx_word' id='word_1_35' title='bbox 306 913 379 989; x_wconf 88' lang='lat' dir='ltr'><strong>quin</strong></span> <span class='ocrx_word' id='word_1_36' title='bbox 401 914 624 992; x_wconf 70' lang='lat' dir='ltr'><strong>promtissimam</strong></span> <span class='ocrx_word' id='word_1_37' title='bbox 638 932 759 993; x_wconf 85' lang='lat' dir='ltr'><strong>operam</strong></span> <span class='ocrx_word' id='word_1_38' title='bbox 779 916 810 973; x_wconf 92' lang='lat' dir='ltr'><strong>iu</strong></span> <span class='ocrx_word' id='word_1_39' title='bbox 830 934 867 973; x_wconf 86' lang='lat' dir='ltr'><strong>eo</strong></span> <span class='ocrx_word' id='word_1_40' title='bbox 880 916 999 993; x_wconf 87' lang='lat' dir='ltr'><strong>negotio</strong></span> <span class='ocrx_word' id='word_1_41' title='bbox 1010 914 1060 975; x_wconf 86' lang='lat' dir='ltr'><strong>rei</strong></span> 
     </span>
    </p>

    <p class='ocr_par' dir='ltr' id='par_1_3' title="bbox 104 1009 1077 1748">
     <span class='ocr_line' id='line_1_7' title="bbox 104 1009 1063 1075; baseline 0.003 -8"><span class='ocrx_word' id='word_1_42' title='bbox 104 1026 154 1067; x_wconf 83' lang='lat' dir='ltr'><strong>nra</strong></span> <span class='ocrx_word' id='word_1_43' title='bbox 173 1026 269 1067; x_wconf 70' lang='lat' dir='ltr'><strong>mosa</strong></span> <span class='ocrx_word' id='word_1_44' title='bbox 293 1016 455 1069; x_wconf 75' lang='lat' dir='ltr'><strong>novaturus</strong></span> <span class='ocrx_word' id='word_1_45' title='bbox 476 1018 561 1069; x_wconf 83' lang='lat' dir='ltr'><strong>esset.</strong></span> <span class='ocrx_word' id='word_1_46' title='bbox 602 1009 728 1075; x_wconf 80' lang='lat' dir='ltr'><strong>‘Quem</strong></span> <span class='ocrx_word' id='word_1_47' title='bbox 748 1011 827 1068; x_wconf 84' lang='lat' dir='ltr'><strong>euim</strong></span> <span class='ocrx_word' id='word_1_48' title='bbox 848 1018 933 1069; x_wconf 82' lang='lat' dir='ltr'><strong>tauta</strong></span> <span class='ocrx_word' id='word_1_49' title='bbox 954 1010 1063 1070; x_wconf 76' lang='lat' dir='ltr'><strong>duritie</strong></span> 
     </span>
     <span class='ocr_line' id='line_1_8' title="bbox 104 1103 1061 1184; baseline 0.002 -21"><span class='ocrx_word' id='word_1_50' title='bbox 104 1103 189 1171; x_wconf 81' lang='lat' dir='ltr'><strong>arrimi</strong></span> <span class='ocrx_word' id='word_1_51' title='bbox 199 1104 334 1181; x_wconf 83' lang='lat' dir='ltr'><strong>eogitari</strong></span> <span class='ocrx_word' id='word_1_52' title='bbox 346 1123 442 1182; x_wconf 76' lang='lat' dir='ltr'><strong>posse,</strong></span> <span class='ocrx_word' id='word_1_53' title='bbox 464 1105 535 1184; x_wconf 86' lang='lat' dir='ltr'><strong>quin</strong></span> <span class='ocrx_word' id='word_1_54' title='bbox 549 1105 631 1165; x_wconf 85' lang='lat' dir='ltr'><strong>exire</strong></span> <span class='ocrx_word' id='word_1_55' title='bbox 644 1106 777 1165; x_wconf 86' lang='lat' dir='ltr'><strong>miserias</strong></span> <span class='ocrx_word' id='word_1_56' title='bbox 789 1106 923 1175; x_wconf 81' lang='lat' dir='ltr'><strong>carceris,</strong></span> <span class='ocrx_word' id='word_1_57' title='bbox 936 1105 1061 1165; x_wconf 81' lang='lat' dir='ltr'><strong>revisere</strong></span> 
     </span>
     <span class='ocr_line' id='line_1_9' title="bbox 104 1199 1066 1281; baseline 0 -20"><span class='ocrx_word' id='word_1_58' title='bbox 104 1199 250 1261; x_wconf 65' lang='lat' dir='ltr'><strong>onrimima</strong></span> <span class='ocrx_word' id='word_1_59' title='bbox 263 1200 403 1279; x_wconf 83' lang='lat' dir='ltr'><strong>pignora,</strong></span> <span class='ocrx_word' id='word_1_60' title='bbox 420 1199 638 1271; x_wconf 68' lang='lat' dir='ltr'><strong>fruidbertum,</strong></span> <span class='ocrx_word' id='word_1_61' title='bbox 663 1200 773 1281; x_wconf 81' lang='lat' dir='ltr'><strong>patria,</strong></span> <span class='ocrx_word' id='word_1_62' title='bbox 791 1200 947 1278; x_wconf 84' lang='lat' dir='ltr'><strong>dignitate,</strong></span> <span class='ocrx_word' id='word_1_63' title='bbox 968 1201 1066 1261; x_wconf 58' lang='lat' dir='ltr'><strong>bono«</strong></span> 
     </span>
     <span class='ocr_line' id='line_1_10' title="bbox 105 1294 1077 1375; baseline 0.002 -21"><span class='ocrx_word' id='word_1_64' title='bbox 105 1296 180 1355; x_wconf 86' lang='lat' dir='ltr'><strong>ribus</strong></span> <span class='ocrx_word' id='word_1_65' title='bbox 191 1296 325 1375; x_wconf 81' lang='lat' dir='ltr'><strong>onpiat?</strong></span> <span class='ocrx_word' id='word_1_66' title='bbox 354 1296 428 1355; x_wconf 64' lang='lat' dir='ltr'><strong>Em</strong></span> <span class='ocrx_word' id='word_1_67' title='bbox 450 1294 497 1357; x_wconf 86' lang='grc' dir='ltr'><strong>Μ.</strong></span> <span class='ocrx_word' id='word_1_68' title='bbox 512 1295 633 1375; x_wconf 86' lang='lat' dir='ltr'><strong>Regulo</strong></span> <span class='ocrx_word' id='word_1_69' title='bbox 656 1315 780 1357; x_wconf 85' lang='lat' dir='ltr'><strong>uxorem</strong></span> <span class='ocrx_word' id='word_1_70' title='bbox 800 1294 920 1367; x_wconf 55' lang='lat' dir='ltr'><strong>Rome</strong></span> <span class='ocrx_word' id='word_1_71' title='bbox 941 1316 1003 1356; x_wconf 87' lang='lat' dir='ltr'><strong>esse</strong></span> <span class='ocrx_word' id='word_1_72' title='bbox 1024 1298 1077 1356; x_wconf 57' lang='lat' dir='ltr'><strong>ti«</strong></span> 
     </span>
     <span class='ocr_line' id='line_1_11' title="bbox 106 1390 1062 1472; baseline 0.003 -23"><span class='ocrx_word' id='word_1_73' title='bbox 106 1390 204 1450; x_wconf 81' lang='lat' dir='ltr'><strong>beros:</strong></span> <span class='ocrx_word' id='word_1_74' title='bbox 223 1392 413 1471; x_wconf 85' lang='lat' dir='ltr'><strong>propinquos</strong></span> <span class='ocrx_word' id='word_1_75' title='bbox 425 1393 490 1470; x_wconf 86' lang='lat' dir='ltr'><strong>ejus</strong></span> <span class='ocrx_word' id='word_1_76' title='bbox 503 1391 660 1472; x_wconf 78' lang='lat' dir='ltr'><strong>affinesque</strong></span> <span class='ocrx_word' id='word_1_77' title='bbox 682 1393 712 1451; x_wconf 89' lang='lat' dir='ltr'><strong>io</strong></span> <span class='ocrx_word' id='word_1_78' title='bbox 734 1400 839 1451; x_wconf 62' lang='lat' dir='ltr'><strong>nuato</strong></span> <span class='ocrx_word' id='word_1_79' title='bbox 858 1400 891 1451; x_wconf 90' lang='lat' dir='ltr'><strong>et</strong></span> <span class='ocrx_word' id='word_1_80' title='bbox 909 1393 1062 1470; x_wconf 80' lang='lat' dir='ltr'><strong>magistro-</strong></span> 
     </span>
     <span class='ocr_line' id='line_1_12' title="bbox 106 1486 1061 1569; baseline 0.003 -24"><span class='ocrx_word' id='word_1_81' title='bbox 106 1487 191 1555; x_wconf 83' lang='lat' dir='ltr'><strong>tibus,</strong></span> <span class='ocrx_word' id='word_1_82' title='bbox 211 1486 339 1547; x_wconf 72' lang='lat' dir='ltr'><strong>fiunem</strong></span> <span class='ocrx_word' id='word_1_83' title='bbox 357 1488 448 1547; x_wconf 80' lang='lat' dir='ltr'><strong>etiarn</strong></span> <span class='ocrx_word' id='word_1_84' title='bbox 471 1488 635 1569; x_wconf 80' lang='lat' dir='ltr'><strong>patruelem</strong></span> <span class='ocrx_word' id='word_1_85' title='bbox 655 1488 801 1548; x_wconf 81' lang='lat' dir='ltr'><strong>consulari</strong></span> <span class='ocrx_word' id='word_1_86' title='bbox 821 1489 943 1569; x_wconf 86' lang='lat' dir='ltr'><strong>imperio</strong></span> <span class='ocrx_word' id='word_1_87' title='bbox 954 1506 1061 1566; x_wconf 62' lang='lat' dir='ltr'><strong>egeret</strong></span> 
     </span>
     <span class='ocr_line' id='line_1_13' title="bbox 105 1580 1061 1663; baseline 0.005 -25"><span class='ocrx_word' id='word_1_88' title='bbox 105 1580 194 1660; x_wconf 81' lang='lat' dir='ltr'><strong>ipsum</strong></span> <span class='ocrx_word' id='word_1_89' title='bbox 205 1584 330 1642; x_wconf 86' lang='lat' dir='ltr'><strong>senatui</strong></span> <span class='ocrx_word' id='word_1_90' title='bbox 342 1583 511 1663; x_wconf 82' lang='lat' dir='ltr'><strong>populoque</strong></span> <span class='ocrx_word' id='word_1_91' title='bbox 524 1584 665 1643; x_wconf 82' lang='lat' dir='ltr'><strong>Romano</strong></span> <span class='ocrx_word' id='word_1_92' title='bbox 684 1592 716 1642; x_wconf 89' lang='lat' dir='ltr'><strong>et</strong></span> <span class='ocrx_word' id='word_1_93' title='bbox 738 1585 778 1644; x_wconf 90' lang='lat' dir='ltr'><strong>ob</strong></span> <span class='ocrx_word' id='word_1_94' title='bbox 789 1604 836 1643; x_wconf 88' lang='lat' dir='ltr'><strong>res</strong></span> <span class='ocrx_word' id='word_1_95' title='bbox 846 1604 998 1663; x_wconf 81' lang='lat' dir='ltr'><strong>prosperos</strong></span> <span class='ocrx_word' id='word_1_96' title='bbox 1009 1603 1061 1643; x_wconf 77' lang='lat' dir='ltr'><strong>oa-</strong></span> 
     </span>
     <span class='ocr_line' id='line_1_14' title="bbox 105 1677 1059 1748; baseline -0.001 -11"><span class='ocrx_word' id='word_1_97' title='bbox 105 1677 255 1748; x_wconf 78' lang='lat' dir='ltr'><strong>riasimurn,</strong></span> <span class='ocrx_word' id='word_1_98' title='bbox 269 1688 307 1739; x_wconf 87' lang='lat' dir='ltr'><strong>et</strong></span> <span class='ocrx_word' id='word_1_99' title='bbox 318 1680 358 1739; x_wconf 91' lang='lat' dir='ltr'><strong>nb</strong></span> <span class='ocrx_word' id='word_1_100' title='bbox 371 1678 508 1740; x_wconf 86' lang='lat' dir='ltr'><strong>adversas</strong></span> <span class='ocrx_word' id='word_1_101' title='bbox 520 1679 715 1739; x_wconf 75' lang='lat' dir='ltr'><strong>miserabilem</strong></span> <span class='ocrx_word' id='word_1_102' title='bbox 727 1698 805 1739; x_wconf 85' lang='lat' dir='ltr'><strong>esse:</strong></span> <span class='ocrx_word' id='word_1_103' title='bbox 819 1679 881 1738; x_wconf 86' lang='lat' dir='ltr'><strong>sire</strong></span> <span class='ocrx_word' id='word_1_104' title='bbox 893 1686 1059 1747; x_wconf 73' lang='lat' dir='ltr'><strong>sesmaret,</strong></span> 
     </span>
    </p>

    <p class='ocr_par' dir='ltr' id='par_1_4' title="bbox 106 1766 1156 1949">
     <span class='ocr_line' id='line_1_15' title="bbox 106 1766 1156 1855; baseline 0.001 -25"><span class='ocrx_word' id='word_1_105' title='bbox 106 1772 163 1831; x_wconf 82' lang='lat' dir='ltr'><strong>sire</strong></span> <span class='ocrx_word' id='word_1_106' title='bbox 174 1792 194 1831; x_wconf 80' lang='lat' dir='ltr'><strong>a</strong></span> <span class='ocrx_word' id='word_1_107' title='bbox 205 1774 270 1833; x_wconf 79' lang='lat' dir='ltr'><strong>suis</strong></span> <span class='ocrx_word' id='word_1_108' title='bbox 283 1782 444 1845; x_wconf 73' lang='lat' dir='ltr'><strong>amaranti,</strong></span> <span class='ocrx_word' id='word_1_109' title='bbox 467 1777 611 1836; x_wconf 86' lang='lat' dir='ltr'><strong>neminem</strong></span> <span class='ocrx_word' id='word_1_110' title='bbox 631 1794 726 1855; x_wconf 82' lang='lat' dir='ltr'><strong>neque</strong></span> <span class='ocrx_word' id='word_1_111' title='bbox 748 1774 870 1853; x_wconf 81' lang='lat' dir='ltr'><strong>ageudee</strong></span> <span class='ocrx_word' id='word_1_112' title='bbox 881 1793 979 1833; x_wconf 71' lang='lat' dir='ltr'><strong>causae</strong></span> <span class='ocrx_word' id='word_1_113' title='bbox 992 1766 1156 1832; x_wconf 69' lang='lat' dir='ltr'><strong>dili-zom-</strong></span> 
     </span>
     <span class='ocr_line' id='line_1_16' title="bbox 106 1867 1063 1949; baseline 0.001 -23"><span class='ocrx_word' id='word_1_114' title='bbox 106 1867 261 1943; x_wconf 83' lang='lat' dir='ltr'><strong>gentiorem</strong></span> <span class='ocrx_word' id='word_1_115' title='bbox 273 1876 444 1949; x_wconf 80' lang='lat' dir='ltr'><strong>patronum,</strong></span> <span class='ocrx_word' id='word_1_116' title='bbox 458 1888 552 1949; x_wconf 85' lang='lat' dir='ltr'><strong>noque</strong></span> <span class='ocrx_word' id='word_1_117' title='bbox 565 1870 758 1949; x_wconf 72' lang='lat' dir='ltr'><strong>impetrandae</strong></span> <span class='ocrx_word' id='word_1_118' title='bbox 768 1870 968 1946; x_wconf 66' lang='lat' dir='ltr'><strong>gratiosiorem</strong></span> <span class='ocrx_word' id='word_1_119' title='bbox 979 1868 1063 1928; x_wconf 58' lang='lat' dir='ltr'><strong>sore).</strong></span> 
     </span>
    </p>

    <p class='ocr_par' dir='ltr' id='par_1_5' title="bbox 107 1958 1063 2234">
     <span class='ocr_line' id='line_1_17' title="bbox 107 1958 1063 2045; baseline 0.003 -26"><span class='ocrx_word' id='word_1_120' title='bbox 107 1958 176 2021; x_wconf 84' lang='lat' dir='ltr'><strong>Non</strong></span> <span class='ocrx_word' id='word_1_121' title='bbox 187 1963 300 2023; x_wconf 82' lang='lat' dir='ltr'><strong>abnuit</strong></span> <span class='ocrx_word' id='word_1_122' title='bbox 311 1962 375 2034; x_wconf 88' lang='lat' dir='ltr'><strong>iiie,</strong></span> <span class='ocrx_word' id='word_1_123' title='bbox 395 1964 479 2025; x_wconf 87' lang='lat' dir='ltr'><strong>nulia</strong></span> <span class='ocrx_word' id='word_1_124' title='bbox 493 1984 544 2045; x_wconf 87' lang='lat' dir='ltr'><strong>spe</strong></span> <span class='ocrx_word' id='word_1_125' title='bbox 557 1973 609 2024; x_wconf 87' lang='lat' dir='ltr'><strong>ant</strong></span> <span class='ocrx_word' id='word_1_126' title='bbox 622 1962 784 2043; x_wconf 83' lang='lat' dir='ltr'><strong>eupiditate</strong></span> <span class='ocrx_word' id='word_1_127' title='bbox 796 1983 857 2023; x_wconf 78' lang='lat' dir='ltr'><strong>suae</strong></span> <span class='ocrx_word' id='word_1_128' title='bbox 869 1963 1016 2033; x_wconf 73' lang='lat' dir='ltr'><strong>utilitatis,</strong></span> <span class='ocrx_word' id='word_1_129' title='bbox 1028 1972 1063 2022; x_wconf 87' lang='lat' dir='ltr'><strong>ut</strong></span> 
     </span>
     <span class='ocr_line' id='line_1_18' title="bbox 108 2058 1062 2139; baseline -0.002 -21"><span class='ocrx_word' id='word_1_130' title='bbox 108 2066 204 2134; x_wconf 82' lang='lat' dir='ltr'><strong>postea</strong></span> <span class='ocrx_word' id='word_1_131' title='bbox 214 2059 371 2139; x_wconf 77' lang='lat' dir='ltr'><strong>apparuit,</strong></span> <span class='ocrx_word' id='word_1_132' title='bbox 393 2058 445 2119; x_wconf 85' lang='lat' dir='ltr'><strong>sed</strong></span> <span class='ocrx_word' id='word_1_133' title='bbox 467 2069 501 2119; x_wconf 90' lang='lat' dir='ltr'><strong>ut</strong></span> <span class='ocrx_word' id='word_1_134' title='bbox 518 2068 652 2119; x_wconf 81' lang='lat' dir='ltr'><strong>senatum</strong></span> <span class='ocrx_word' id='word_1_135' title='bbox 666 2058 706 2118; x_wconf 79' lang='lat' dir='ltr'><strong>ad</strong></span> <span class='ocrx_word' id='word_1_136' title='bbox 718 2058 841 2137; x_wconf 80' lang='lat' dir='ltr'><strong>publica</strong></span> <span class='ocrx_word' id='word_1_137' title='bbox 858 2058 969 2118; x_wconf 87' lang='lat' dir='ltr'><strong>tuenda</strong></span> <span class='ocrx_word' id='word_1_138' title='bbox 979 2076 1062 2116; x_wconf 83' lang='lat' dir='ltr'><strong>uom-</strong></span> 
     </span>
     <span class='ocr_line' id='line_1_19' title="bbox 110 2152 813 2234; baseline 0.003 -21"><span class='ocrx_word' id='word_1_139' title='bbox 110 2152 191 2223; x_wconf 77' lang='lat' dir='ltr'><strong>moda</strong></span> <span class='ocrx_word' id='word_1_140' title='bbox 203 2174 336 2233; x_wconf 72' lang='lat' dir='ltr'><strong>praeseus</strong></span> <span class='ocrx_word' id='word_1_141' title='bbox 349 2163 450 2215; x_wconf 76' lang='lat' dir='ltr'><strong>auctor</strong></span> <span class='ocrx_word' id='word_1_142' title='bbox 461 2154 609 2215; x_wconf 72' lang='lat' dir='ltr'><strong>efficacius</strong></span> <span class='ocrx_word' id='word_1_143' title='bbox 621 2162 813 2234; x_wconf 81' lang='lat' dir='ltr'><strong>permoveret.</strong></span> 
     </span>
    </p>

    <p class='ocr_par' dir='ltr' id='par_1_6' title="bbox 143 2246 1222 2361">
     <span class='ocr_line' id='line_1_20' title="bbox 143 2246 1222 2361; baseline 0.006 -52"><span class='ocrx_word' id='word_1_144' title='bbox 143 2254 192 2309; x_wconf 75' lang='lat' dir='ltr'><strong>bb.</strong></span> <span class='ocrx_word' id='word_1_145' title='bbox 206 2248 260 2309; x_wconf 86' lang='lat' dir='ltr'><strong>Ita</strong></span> <span class='ocrx_word' id='word_1_146' title='bbox 275 2248 564 2327; x_wconf 70' lang='lat' dir='ltr'><strong>Carthaginiensium</strong></span> <span class='ocrx_word' id='word_1_147' title='bbox 578 2248 682 2328; x_wconf 84' lang='lat' dir='ltr'><strong>legetis</strong></span> <span class='ocrx_word' id='word_1_148' title='bbox 694 2247 814 2309; x_wconf 80' lang='lat' dir='ltr'><strong>additus</strong></span> <span class='ocrx_word' id='word_1_149' title='bbox 825 2268 894 2309; x_wconf 82' lang='lat' dir='ltr'><strong>enm</strong></span> <span class='ocrx_word' id='word_1_150' title='bbox 906 2246 944 2307; x_wconf 89' lang='lat' dir='ltr'><strong>ad</strong></span> <span class='ocrx_word' id='word_1_151' title='bbox 958 2250 1059 2312; x_wconf 80' lang='lat' dir='ltr'><strong>urbem</strong></span> <span class='ocrx_word' id='word_1_152' title='bbox 1071 2248 1179 2361; x_wconf 73' lang='lat' dir='ltr'><strong>Appias.</strong></span> <span class='ocrx_word' id='word_1_153' title='bbox 1182 2266 1222 2315; x_wconf 78' lang='lat'><strong>⁸1³·</strong></span> 
     </span>
    </p>
   </div>
   <div class='ocr_carea' id='block_1_3' title="bbox 109 2312 1225 4139">
    <p class='ocr_par' dir='ltr' id='par_1_7' title="bbox 109 2312 1223 2710">
     <span class='ocr_line' id='line_1_21' title="bbox 109 2312 1223 2441; baseline 0.003 -38"><span class='ocrx_word' id='word_1_154' title='bbox 109 2344 239 2413; x_wconf 75' lang='lat' dir='ltr'><strong>venisset,</strong></span> <span class='ocrx_word' id='word_1_155' title='bbox 269 2344 395 2422; x_wconf 89' lang='lat' dir='ltr'><strong>ingredi,</strong></span> <span class='ocrx_word' id='word_1_156' title='bbox 420 2345 555 2424; x_wconf 82' lang='lat' dir='ltr'><strong>quamvis</strong></span> <span class='ocrx_word' id='word_1_157' title='bbox 579 2354 697 2421; x_wconf 84' lang='lat' dir='ltr'><strong>rogatus</strong></span> <span class='ocrx_word' id='word_1_158' title='bbox 717 2364 737 2403; x_wconf 83' lang='lat' dir='ltr'><strong>a</strong></span> <span class='ocrx_word' id='word_1_159' title='bbox 763 2312 1223 2441; x_wconf 62' lang='lat' dir='ltr'><strong>Romanu,uoiuit:1)0¹,¹pd</strong></span> 
     </span>
     <span class='ocr_line' id='line_1_22' title="bbox 110 2436 1223 2515; baseline -0.006 -17.871"><span class='ocrx_word' id='word_1_160' title='bbox 110 2436 254 2499; x_wconf 82' lang='lat' dir='ltr'><strong>‘bostium</strong></span> <span class='ocrx_word' id='word_1_161' title='bbox 269 2437 378 2515; x_wconf 75' lang='lat' dir='ltr'><strong>legatis</strong></span> <span class='ocrx_word' id='word_1_162' title='bbox 387 2456 427 2497; x_wconf 87' lang='lat' dir='ltr'><strong>ex</strong></span> <span class='ocrx_word' id='word_1_163' title='bbox 439 2437 594 2515; x_wconf 82' lang='lat' dir='ltr'><strong>disciplina</strong></span> <span class='ocrx_word' id='word_1_164' title='bbox 606 2436 703 2515; x_wconf 80' lang='lat' dir='ltr'><strong>patris</strong></span> <span class='ocrx_word' id='word_1_165' title='bbox 713 2444 847 2495; x_wconf 69' lang='lat' dir='ltr'><strong>senatum</strong></span> <span class='ocrx_word' id='word_1_166' title='bbox 859 2445 944 2497; x_wconf 83' lang='lat' dir='ltr'><strong>extra</strong></span> <span class='ocrx_word' id='word_1_167' title='bbox 956 2441 1058 2502; x_wconf 88' lang='lat' dir='ltr'><strong>urbem</strong></span> <span class='ocrx_word' id='word_1_168' title='bbox 1070 2440 1133 2489; x_wconf 77' lang='lat' dir='ltr'><strong>Fnlr</strong></span> <span class='ocrx_word' id='word_1_169' title='bbox 1134 2442 1223 2491; x_wconf 75' lang='lat' dir='ltr'><strong>Ursis.</strong></span> 
     </span>
     <span class='ocr_line' id='line_1_23' title="bbox 111 2504 1222 2621; baseline 0.004 -30"><span class='ocrx_word' id='word_1_170' title='bbox 111 2530 183 2591; x_wconf 78' lang='lat' dir='ltr'><strong>dori&#39;</strong></span> <span class='ocrx_word' id='word_1_171' title='bbox 203 2541 354 2596; x_wconf 75' lang='lat' dir='ltr'><strong>namatus.</strong></span> <span class='ocrx_word' id='word_1_172' title='bbox 396 2530 517 2593; x_wconf 79' lang='lat' dir='ltr'><strong>Coactis</strong></span> <span class='ocrx_word' id='word_1_173' title='bbox 533 2552 603 2608; x_wconf 86' lang='lat' dir='ltr'><strong>ergo</strong></span> <span class='ocrx_word' id='word_1_174' title='bbox 615 2530 778 2591; x_wconf 88' lang='lat' dir='ltr'><strong>Patribus</strong></span> <span class='ocrx_word' id='word_1_175' title='bbox 769 2540 846 2591; x_wconf 82' lang='lat' dir='ltr'><strong>mter</strong></span> <span class='ocrx_word' id='word_1_176' title='bbox 858 2532 1032 2610; x_wconf 76' lang='lat' dir='ltr'><strong>iegatosssa</strong></span> <span class='ocrx_word' id='word_1_177' title='bbox 1013 2556 1060 2595; x_wconf 83' lang='lat' dir='ltr'><strong>a·r</strong></span> <span class='ocrx_word' id='word_1_178' title='bbox 1071 2504 1222 2621; x_wconf 46' lang='lat' dir='ltr'><strong>,⁰12¹ssOE</strong></span> 
     </span>
     <span class='ocr_line' id='line_1_24' title="bbox 113 2626 1200 2742; baseline 0 -53"><span class='ocrx_word' id='word_1_179' title='bbox 113 2626 336 2705; x_wconf 77' lang='lat' dir='ltr'><strong>thegmiensiuu</strong></span> <span class='ocrx_word' id='word_1_180' title='bbox 348 2628 439 2687; x_wconf 83' lang='lat' dir='ltr'><strong>rerba</strong></span> <span class='ocrx_word' id='word_1_181' title='bbox 450 2627 539 2691; x_wconf 78' lang='lat' dir='ltr'><strong>fecirr</strong></span> <span class='ocrx_word' id='word_1_182' title='bbox 560 2626 626 2687; x_wconf 87' lang='lat' dir='ltr'><strong>‘Se</strong></span> <span class='ocrx_word' id='word_1_183' title='bbox 632 2646 768 2707; x_wconf 86' lang='lat' dir='ltr'><strong>quoque,</strong></span> <span class='ocrx_word' id='word_1_184' title='bbox 788 2628 886 2707; x_wconf 89' lang='lat' dir='ltr'><strong>utqui</strong></span> <span class='ocrx_word' id='word_1_185' title='bbox 902 2632 971 2706; x_wconf 88' lang='lat' dir='ltr'><strong>jure</strong></span> <span class='ocrx_word' id='word_1_186' title='bbox 986 2631 1139 2742; x_wconf 33' lang='lat' dir='ltr'><strong>beiiiDszr</strong></span> <span class='ocrx_word' id='word_1_187' title='bbox 1194 2697 1200 2710; x_wconf 36' lang='lat'>¹</span> 
     </span>
    </p>

    <p class='ocr_par' dir='ltr' id='par_1_8' title="bbox 111 2721 1107 2806">
     <span class='ocr_line' id='line_1_25' title="bbox 111 2721 1107 2806; baseline 0.006 -27"><span class='ocrx_word' id='word_1_188' title='bbox 111 2740 203 2783; x_wconf 84' lang='lat' dir='ltr'><strong>servus</strong></span> <span class='ocrx_word' id='word_1_189' title='bbox 230 2724 393 2783; x_wconf 70' lang='lat' dir='ltr'><strong>Poenorum</strong></span> <span class='ocrx_word' id='word_1_190' title='bbox 419 2731 505 2791; x_wconf 83' lang='lat' dir='ltr'><strong>esset,</strong></span> <span class='ocrx_word' id='word_1_191' title='bbox 539 2721 678 2781; x_wconf 84' lang='lat' dir='ltr'><strong>maudota</strong></span> <span class='ocrx_word' id='word_1_192' title='bbox 708 2722 905 2782; x_wconf 87' lang='lat' dir='ltr'><strong>dominorum</strong></span> <span class='ocrx_word' id='word_1_193' title='bbox 916 2725 1107 2806; x_wconf 54' lang='lat' dir='ltr'><strong>obedissem</strong></span> 
     </span>
    </p>

    <p class='ocr_par' dir='ltr' id='par_1_9' title="bbox 113 2816 1155 2994">
     <span class='ocr_line' id='line_1_26' title="bbox 114 2816 1155 2899; baseline 0.003 -20"><span class='ocrx_word' id='word_1_194' title='bbox 114 2818 235 2879; x_wconf 76' lang='lat' dir='ltr'><strong>muime</strong></span> <span class='ocrx_word' id='word_1_195' title='bbox 247 2818 371 2897; x_wconf 79' lang='lat' dir='ltr'><strong>quidem</strong></span> <span class='ocrx_word' id='word_1_196' title='bbox 390 2817 501 2879; x_wconf 83' lang='lat' dir='ltr'><strong>bellum</strong></span> <span class='ocrx_word' id='word_1_197' title='bbox 522 2818 564 2877; x_wconf 89' lang='lat' dir='ltr'><strong>uti</strong></span> <span class='ocrx_word' id='word_1_198' title='bbox 582 2816 712 2877; x_wconf 86' lang='lat' dir='ltr'><strong>finiretur</strong></span> <span class='ocrx_word' id='word_1_199' title='bbox 724 2817 941 2879; x_wconf 84' lang='lat' dir='ltr'><strong>oouditionibns</strong></span> <span class='ocrx_word' id='word_1_200' title='bbox 953 2821 1060 2899; x_wconf 89' lang='lat' dir='ltr'><strong>quibus</strong></span> <span class='ocrx_word' id='word_1_201' title='bbox 1070 2824 1155 2873; x_wconf 71' lang='lat' dir='ltr'><strong>low</strong></span> 
     </span>
     <span class='ocr_line' id='line_1_27' title="bbox 113 2912 1060 2994; baseline 0.003 -21"><span class='ocrx_word' id='word_1_202' title='bbox 113 2912 220 2992; x_wconf 71' lang='lat' dir='ltr'><strong>uuiqm</strong></span> <span class='ocrx_word' id='word_1_203' title='bbox 233 2912 388 2994; x_wconf 87' lang='lat' dir='ltr'><strong>popuio&#39;</strong></span> <span class='ocrx_word' id='word_1_204' title='bbox 360 2932 454 2973; x_wconf 80' lang='lat' dir='ltr'><strong>risum</strong></span> <span class='ocrx_word' id='word_1_205' title='bbox 464 2922 550 2983; x_wconf 86' lang='lat' dir='ltr'><strong>esset,</strong></span> <span class='ocrx_word' id='word_1_206' title='bbox 561 2914 607 2982; x_wconf 85' lang='lat' dir='ltr'><strong>sin</strong></span> <span class='ocrx_word' id='word_1_207' title='bbox 620 2933 702 2982; x_wconf 84' lang='lat' dir='ltr'><strong>vero,</strong></span> <span class='ocrx_word' id='word_1_208' title='bbox 715 2922 749 2972; x_wconf 92' lang='lat' dir='ltr'><strong>ut</strong></span> <span class='ocrx_word' id='word_1_209' title='bbox 760 2913 864 2972; x_wconf 90' lang='lat' dir='ltr'><strong>saltem</strong></span> <span class='ocrx_word' id='word_1_210' title='bbox 877 2914 1060 2993; x_wconf 81' lang='lat' dir='ltr'><strong>captivorum</strong></span> 
     </span>
    </p>

    <p class='ocr_par' dir='ltr' id='par_1_10' title="bbox 114 3006 1061 3089">
     <span class='ocr_line' id='line_1_28' title="bbox 114 3006 1061 3089; baseline -0.002 -18"><span class='ocrx_word' id='word_1_211' title='bbox 114 3016 183 3071; x_wconf 58' lang='lat' dir='ltr'><strong>met</strong></span> <span class='ocrx_word' id='word_1_212' title='bbox 195 3008 393 3089; x_wconf 78' lang='lat' dir='ltr'><strong>permutatio.¹</strong></span> <span class='ocrx_word' id='word_1_213' title='bbox 435 3006 589 3086; x_wconf 85' lang='lat' dir='ltr'><strong>Digressos</strong></span> <span class='ocrx_word' id='word_1_214' title='bbox 602 3028 671 3069; x_wconf 89' lang='grc' dir='ltr'><strong>ιιιοιι</strong></span> <span class='ocrx_word' id='word_1_215' title='bbox 685 3008 799 3086; x_wconf 78' lang='lat' dir='ltr'><strong>legatos</strong></span> <span class='ocrx_word' id='word_1_216' title='bbox 817 3017 849 3068; x_wconf 85' lang='lat' dir='ltr'><strong>et</strong></span> <span class='ocrx_word' id='word_1_217' title='bbox 867 3008 929 3087; x_wconf 89' lang='lat' dir='ltr'><strong>ipse</strong></span> <span class='ocrx_word' id='word_1_218' title='bbox 943 3020 1061 3069; x_wconf 77' lang='lat' dir='ltr'><strong>secutus</strong></span> 
     </span>
    </p>

    <p class='ocr_par' dir='ltr' id='par_1_11' title="bbox 113 3102 1059 3184">
     <span class='ocr_line' id='line_1_29' title="bbox 113 3102 1059 3184; baseline -0.001 -21"><span class='ocrx_word' id='word_1_219' title='bbox 113 3111 164 3171; x_wconf 79' lang='lat' dir='ltr'><strong>est,</strong></span> <span class='ocrx_word' id='word_1_220' title='bbox 183 3122 280 3184; x_wconf 87' lang='lat' dir='ltr'><strong>neque</strong></span> <span class='ocrx_word' id='word_1_221' title='bbox 302 3102 506 3165; x_wconf 83' lang='lat' dir='ltr'><strong>deliberationi</strong></span> <span class='ocrx_word' id='word_1_222' title='bbox 525 3112 642 3164; x_wconf 79' lang='lat' dir='ltr'><strong>serratus</strong></span> <span class='ocrx_word' id='word_1_223' title='bbox 662 3106 718 3163; x_wconf 84' lang='lat' dir='ltr'><strong>hoc</strong></span> <span class='ocrx_word' id='word_1_224' title='bbox 740 3104 834 3181; x_wconf 86' lang='lat' dir='ltr'><strong>ipsum</strong></span> <span class='ocrx_word' id='word_1_225' title='bbox 854 3104 996 3162; x_wconf 72' lang='lat' dir='ltr'><strong>instanter</strong></span> <span class='ocrx_word' id='word_1_226' title='bbox 1007 3125 1059 3184; x_wconf 83' lang='lat' dir='ltr'><strong>pe-</strong></span> 
     </span>
    </p>

    <p class='ocr_par' dir='ltr' id='par_1_12' title="bbox 114 3198 1059 3280">
     <span class='ocr_line' id='line_1_30' title="bbox 114 3198 1059 3280; baseline -0.001 -21"><span class='ocrx_word' id='word_1_227' title='bbox 114 3199 196 3259; x_wconf 75' lang='lat' dir='ltr'><strong>teuis</strong></span> <span class='ocrx_word' id='word_1_228' title='bbox 206 3202 289 3280; x_wconf 78' lang='lat' dir='ltr'><strong>prius</strong></span> <span class='ocrx_word' id='word_1_229' title='bbox 302 3201 437 3261; x_wconf 83' lang='lat' dir='ltr'><strong>interesse</strong></span> <span class='ocrx_word' id='word_1_230' title='bbox 454 3198 560 3269; x_wconf 83' lang='lat' dir='ltr'><strong>voluit,</strong></span> <span class='ocrx_word' id='word_1_231' title='bbox 581 3219 671 3279; x_wconf 86' lang='lat' dir='ltr'><strong>quam</strong></span> <span class='ocrx_word' id='word_1_232' title='bbox 685 3198 942 3276; x_wconf 81' lang='lat' dir='ltr'><strong>Carthaginienses</strong></span> <span class='ocrx_word' id='word_1_233' title='bbox 961 3219 1059 3258; x_wconf 85' lang='lat' dir='ltr'><strong>assen-</strong></span> 
     </span>
    </p>

    <p class='ocr_par' dir='ltr' id='par_1_13' title="bbox 115 3294 1057 3372">
     <span class='ocr_line' id='line_1_31' title="bbox 115 3294 1057 3372; baseline -0.003 -14"><span class='ocrx_word' id='word_1_234' title='bbox 115 3295 248 3358; x_wconf 72' lang='lat' dir='ltr'><strong>tirentur:</strong></span> <span class='ocrx_word' id='word_1_235' title='bbox 270 3305 334 3355; x_wconf 87' lang='lat' dir='ltr'><strong>tum</strong></span> <span class='ocrx_word' id='word_1_236' title='bbox 354 3294 464 3356; x_wconf 83' lang='lat' dir='ltr'><strong>assedit</strong></span> <span class='ocrx_word' id='word_1_237' title='bbox 483 3296 602 3366; x_wconf 83' lang='lat' dir='ltr'><strong>tenitus,</strong></span> <span class='ocrx_word' id='word_1_238' title='bbox 622 3296 721 3355; x_wconf 75' lang='lat' dir='ltr'><strong>donee</strong></span> <span class='ocrx_word' id='word_1_239' title='bbox 734 3302 854 3372; x_wconf 82' lang='lat' dir='ltr'><strong>rogatus</strong></span> <span class='ocrx_word' id='word_1_240' title='bbox 864 3296 1057 3355; x_wconf 80' lang='lat' dir='ltr'><strong>sententiam:</strong></span> 
     </span>
    </p>

    <p class='ocr_par' dir='ltr' id='par_1_14' title="bbox 115 3388 1076 3567">
     <span class='ocr_line' id='line_1_32' title="bbox 116 3388 1057 3471; baseline 0.002 -22"><span class='ocrx_word' id='word_1_241' title='bbox 116 3396 125 3423; x_wconf 89' lang='lat'>‘</span> <span class='ocrx_word' id='word_1_242' title='bbox 138 3388 264 3461; x_wconf 85' lang='lat' dir='ltr'><strong>Patres,’</strong></span> <span class='ocrx_word' id='word_1_243' title='bbox 285 3392 391 3470; x_wconf 85' lang='lat' dir='ltr'><strong>inquit,</strong></span> <span class='ocrx_word' id='word_1_244' title='bbox 411 3400 421 3427; x_wconf 90' lang='lat'>‘</span> <span class='ocrx_word' id='word_1_245' title='bbox 437 3390 617 3471; x_wconf 76' lang='lat' dir='ltr'><strong>conscripti,</strong></span> <span class='ocrx_word' id='word_1_246' title='bbox 630 3411 685 3469; x_wconf 84' lang='lat' dir='ltr'><strong>ego</strong></span> <span class='ocrx_word' id='word_1_247' title='bbox 697 3400 797 3451; x_wconf 82' lang='lat' dir='ltr'><strong>tumen</strong></span> <span class='ocrx_word' id='word_1_248' title='bbox 810 3390 965 3451; x_wconf 53' lang='lat' dir='ltr'><strong>&amp;manus</strong></span> <span class='ocrx_word' id='word_1_249' title='bbox 974 3412 1057 3451; x_wconf 84' lang='lat' dir='ltr'><strong>sum:</strong></span> 
     </span>
     <span class='ocr_line' id='line_1_33' title="bbox 115 3486 1076 3567; baseline 0.005 -24"><span class='ocrx_word' id='word_1_250' title='bbox 115 3494 264 3567; x_wconf 78' lang='lat' dir='ltr'><strong>etoorpus</strong></span> <span class='ocrx_word' id='word_1_251' title='bbox 285 3486 415 3565; x_wconf 87' lang='lat' dir='ltr'><strong>quidem,</strong></span> <span class='ocrx_word' id='word_1_252' title='bbox 429 3538 431 3543; x_wconf 88' lang='lat'><em>.</em></span> <span class='ocrx_word' id='word_1_253' title='bbox 444 3496 477 3547; x_wconf 91' lang='lat' dir='ltr'><strong>ut</strong></span> <span class='ocrx_word' id='word_1_254' title='bbox 498 3486 616 3547; x_wconf 77' lang='lat' dir='ltr'><strong>furorne</strong></span> <span class='ocrx_word' id='word_1_255' title='bbox 637 3486 745 3555; x_wconf 81' lang='lat' dir='ltr'><strong>voluit,</strong></span> <span class='ocrx_word' id='word_1_256' title='bbox 766 3507 856 3566; x_wconf 83' lang='lat' dir='ltr'><strong>penes</strong></span> <span class='ocrx_word' id='word_1_257' title='bbox 877 3487 973 3548; x_wconf 79' lang='lat' dir='ltr'><strong>hostes</strong></span> <span class='ocrx_word' id='word_1_258' title='bbox 995 3496 1076 3558; x_wconf 80' lang='lat' dir='ltr'><strong>est3-</strong></span> 
     </span>
    </p>

    <p class='ocr_par' dir='ltr' id='par_1_15' title="bbox 117 3580 1060 3757">
     <span class='ocr_line' id='line_1_34' title="bbox 117 3580 1059 3662; baseline 0.003 -21"><span class='ocrx_word' id='word_1_259' title='bbox 117 3580 233 3652; x_wconf 78' lang='lat' dir='ltr'><strong>uinus,</strong></span> <span class='ocrx_word' id='word_1_260' title='bbox 254 3580 379 3641; x_wconf 71' lang='lat' dir='ltr'><strong>fortune</strong></span> <span class='ocrx_word' id='word_1_261' title='bbox 405 3601 462 3643; x_wconf 89' lang='lat' dir='ltr'><strong>nou</strong></span> <span class='ocrx_word' id='word_1_262' title='bbox 488 3583 648 3660; x_wconf 71' lang='lat' dir='ltr'><strong>subjectio,</strong></span> <span class='ocrx_word' id='word_1_263' title='bbox 670 3583 722 3661; x_wconf 89' lang='lat' dir='ltr'><strong>qui</strong></span> <span class='ocrx_word' id='word_1_264' title='bbox 743 3580 810 3651; x_wconf 84' lang='lat' dir='ltr'><strong>fuit,</strong></span> <span class='ocrx_word' id='word_1_265' title='bbox 829 3592 946 3643; x_wconf 86' lang='lat' dir='ltr'><strong>manet:</strong></span> <span class='ocrx_word' id='word_1_266' title='bbox 967 3603 1059 3662; x_wconf 88' lang='lat' dir='ltr'><strong>quare</strong></span> 
     </span>
     <span class='ocr_line' id='line_1_35' title="bbox 117 3672 1060 3757; baseline 0.008 -26"><span class='ocrx_word' id='word_1_267' title='bbox 117 3672 288 3756; x_wconf 85' lang='lat' dir='ltr'><strong>buiepotins</strong></span> <span class='ocrx_word' id='word_1_268' title='bbox 300 3678 467 3747; x_wconf 86' lang='lat' dir='ltr'><strong>obsecutus,</strong></span> <span class='ocrx_word' id='word_1_269' title='bbox 489 3697 578 3756; x_wconf 89' lang='lat' dir='ltr'><strong>quem</strong></span> <span class='ocrx_word' id='word_1_270' title='bbox 595 3696 693 3738; x_wconf 85' lang='lat' dir='ltr'><strong>meum</strong></span> <span class='ocrx_word' id='word_1_271' title='bbox 712 3695 775 3737; x_wconf 84' lang='lat' dir='ltr'><strong>esse</strong></span> <span class='ocrx_word' id='word_1_272' title='bbox 793 3697 869 3746; x_wconf 88' lang='lat' dir='ltr'><strong>reor,</strong></span> <span class='ocrx_word' id='word_1_273' title='bbox 890 3698 980 3757; x_wconf 84' lang='lat' dir='ltr'><strong>quam</strong></span> <span class='ocrx_word' id='word_1_274' title='bbox 995 3699 1060 3739; x_wconf 80' lang='grc' dir='ltr'><strong>σοι·</strong></span> 
     </span>
    </p>

    <p class='ocr_par' dir='ltr' id='par_1_16' title="bbox 119 3770 1061 3855">
     <span class='ocr_line' id='line_1_36' title="bbox 119 3770 1061 3855; baseline 0.002 -24"><span class='ocrx_word' id='word_1_275' title='bbox 119 3773 186 3847; x_wconf 86' lang='lat' dir='ltr'><strong>pori,</strong></span> <span class='ocrx_word' id='word_1_276' title='bbox 198 3770 279 3851; x_wconf 89' lang='lat' dir='ltr'><strong>quod</strong></span> <span class='ocrx_word' id='word_1_277' title='bbox 293 3770 421 3833; x_wconf 82' lang='lat' dir='ltr'><strong>alienum</strong></span> <span class='ocrx_word' id='word_1_278' title='bbox 433 3781 489 3843; x_wconf 87' lang='lat' dir='ltr'><strong>est,</strong></span> <span class='ocrx_word' id='word_1_279' title='bbox 502 3792 598 3851; x_wconf 87' lang='lat' dir='ltr'><strong>neque</strong></span> <span class='ocrx_word' id='word_1_280' title='bbox 610 3774 744 3852; x_wconf 78' lang='lat' dir='ltr'><strong>captivos</strong></span> <span class='ocrx_word' id='word_1_281' title='bbox 755 3773 951 3855; x_wconf 82' lang='lat' dir='ltr'><strong>penuutnndi,</strong></span> <span class='ocrx_word' id='word_1_282' title='bbox 964 3792 1061 3852; x_wconf 85' lang='lat' dir='ltr'><strong>neque</strong></span> 
     </span>
    </p>

    <p class='ocr_par' dir='ltr' id='par_1_17' title="bbox 118 3864 1225 4139">
     <span class='ocr_line' id='line_1_37' title="bbox 118 3864 1225 3987; baseline -0.001 -61"><span class='ocrx_word' id='word_1_283' title='bbox 118 3864 254 3933; x_wconf 75' lang='lat' dir='ltr'><strong>ineuudae</strong></span> <span class='ocrx_word' id='word_1_284' title='bbox 259 3868 342 3947; x_wconf 85' lang='lat' dir='ltr'><strong>peois</strong></span> <span class='ocrx_word' id='word_1_285' title='bbox 353 3876 456 3929; x_wconf 79' lang='lat' dir='ltr'><strong>auctor</strong></span> <span class='ocrx_word' id='word_1_286' title='bbox 467 3887 541 3927; x_wconf 89' lang='lat' dir='ltr'><strong>snm.</strong></span> <span class='ocrx_word' id='word_1_287' title='bbox 570 3866 660 3927; x_wconf 82' lang='lat' dir='ltr'><strong>Bello</strong></span> <span class='ocrx_word' id='word_1_288' title='bbox 671 3877 807 3930; x_wconf 78' lang='lat' dir='ltr'><strong>manente</strong></span> <span class='ocrx_word' id='word_1_289' title='bbox 820 3869 955 3947; x_wconf 80' lang='lat' dir='ltr'><strong>captivos</strong></span> <span class='ocrx_word' id='word_1_290' title='bbox 966 3867 1060 3939; x_wconf 88' lang='lat' dir='ltr'><strong>reddi,</strong></span> <span class='ocrx_word' id='word_1_291' title='bbox 1073 3876 1132 3987; x_wconf 70' lang='grc' dir='ltr'><strong>ν1111.</strong></span> <span class='ocrx_word' id='word_1_292' title='bbox 1139 3878 1195 3927; x_wconf 71' lang='lat' dir='ltr'><strong>lul.</strong></span> <span class='ocrx_word' id='word_1_293' title='bbox 1206 3879 1225 3928; x_wconf 93' lang='grc'><strong>1.</strong></span> 
     </span>
     <span class='ocr_line' id='line_1_38' title="bbox 120 3946 1223 4069; baseline -0.002 -48"><span class='ocrx_word' id='word_1_294' title='bbox 120 3978 228 4038; x_wconf 77' lang='lat' dir='ltr'><strong>prorsus</strong></span> <span class='ocrx_word' id='word_1_295' title='bbox 239 3972 285 4027; x_wconf 84' lang='lat' dir='ltr'><strong>est</strong></span> <span class='ocrx_word' id='word_1_296' title='bbox 298 3961 419 4023; x_wconf 84' lang='lat' dir='ltr'><strong>inutile:</strong></span> <span class='ocrx_word' id='word_1_297' title='bbox 440 3982 514 4023; x_wconf 81' lang='lat' dir='ltr'><strong>nam</strong></span> <span class='ocrx_word' id='word_1_298' title='bbox 522 3962 565 4022; x_wconf 87' lang='lat' dir='ltr'><strong>iili</strong></span> <span class='ocrx_word' id='word_1_299' title='bbox 578 3983 633 4043; x_wconf 87' lang='lat' dir='ltr'><strong>pro</strong></span> <span class='ocrx_word' id='word_1_300' title='bbox 644 3984 691 4023; x_wconf 87' lang='lat' dir='ltr'><strong>me</strong></span> <span class='ocrx_word' id='word_1_301' title='bbox 703 3984 763 4023; x_wconf 91' lang='lat' dir='ltr'><strong>nuo</strong></span> <span class='ocrx_word' id='word_1_302' title='bbox 775 3962 866 4023; x_wconf 83' lang='lat' dir='ltr'><strong>duces</strong></span> <span class='ocrx_word' id='word_1_303' title='bbox 878 3962 996 4032; x_wconf 84' lang='lat' dir='ltr'><strong>multos,</strong></span> <span class='ocrx_word' id='word_1_304' title='bbox 1008 3956 1089 4052; x_wconf 55' lang='lat' dir='ltr'><strong>pro}</strong></span> <span class='ocrx_word' id='word_1_305' title='bbox 1072 3958 1155 4069; x_wconf 74' lang='grc'>,,·,,,</span> <span class='ocrx_word' id='word_1_306' title='bbox 1123 3946 1223 3993; x_wconf 67' lang='lat'><strong>&#39;¹⁴⁷⁴‘</strong></span> 
     </span>
     <span class='ocr_line' id='line_1_39' title="bbox 119 4058 1222 4139; baseline 0.002 -23"><span class='ocrx_word' id='word_1_307' title='bbox 119 4072 180 4119; x_wconf 80' lang='lat' dir='ltr'><strong>sene</strong></span> <span class='ocrx_word' id='word_1_308' title='bbox 193 4058 395 4123; x_wconf 76' lang='lat' dir='ltr'><strong>odolesoeutes</strong></span> <span class='ocrx_word' id='word_1_309' title='bbox 412 4068 558 4138; x_wconf 80' lang='lat' dir='ltr'><strong>repetunt,</strong></span> <span class='ocrx_word' id='word_1_310' title='bbox 581 4060 612 4119; x_wconf 91' lang='lat' dir='ltr'><strong>iu</strong></span> <span class='ocrx_word' id='word_1_311' title='bbox 630 4060 737 4139; x_wconf 83' lang='lat' dir='ltr'><strong>quibus</strong></span> <span class='ocrx_word' id='word_1_312' title='bbox 757 4078 821 4119; x_wconf 82' lang='lat' dir='ltr'><strong>esse</strong></span> <span class='ocrx_word' id='word_1_313' title='bbox 833 4060 902 4117; x_wconf 87' lang='lat' dir='ltr'><strong>nori</strong></span> <span class='ocrx_word' id='word_1_314' title='bbox 915 4076 989 4138; x_wconf 86' lang='lat' dir='ltr'><strong>quos</strong></span> <span class='ocrx_word' id='word_1_315' title='bbox 1002 4078 1059 4118; x_wconf 90' lang='lat' dir='ltr'><strong>nou</strong></span> <span class='ocrx_word' id='word_1_316' title='bbox 1073 4069 1117 4117; x_wconf 81' lang='lat' dir='ltr'><strong>cre</strong></span> <span class='ocrx_word' id='word_1_317' title='bbox 1118 4072 1163 4119; x_wconf 80' lang='lat' dir='ltr'><strong>ue</strong></span> <span class='ocrx_word' id='word_1_318' title='bbox 1170 4070 1222 4119; x_wconf 90' lang='grc'><strong>01.</strong></span> 
     </span>
    </p>
   </div>
   <div class='ocr_carea' id='block_1_4' title="bbox 121 4148 1157 4341">
    <p class='ocr_par' dir='ltr' id='par_1_18' title="bbox 121 4148 1157 4341">
     <span class='ocr_line' id='line_1_40' title="bbox 121 4148 1115 4237; baseline 0.002 -20"><span class='ocrx_word' id='word_1_319' title='bbox 121 4154 273 4231; x_wconf 75' lang='lat' dir='ltr'><strong>spernatis:</strong></span> <span class='ocrx_word' id='word_1_320' title='bbox 295 4153 373 4215; x_wconf 79' lang='lat' dir='ltr'><strong>finiri</strong></span> <span class='ocrx_word' id='word_1_321' title='bbox 387 4174 460 4237; x_wconf 71' lang='lat' dir='ltr'><strong>rego</strong></span> <span class='ocrx_word' id='word_1_322' title='bbox 472 4154 594 4225; x_wconf 86' lang='lat' dir='ltr'><strong>bellum,</strong></span> <span class='ocrx_word' id='word_1_323' title='bbox 613 4156 669 4215; x_wconf 88' lang='lat' dir='ltr'><strong>uisi</strong></span> <span class='ocrx_word' id='word_1_324' title='bbox 692 4154 926 4215; x_wconf 78' lang='lat' dir='ltr'><strong>luculentissimis</strong></span> <span class='ocrx_word' id='word_1_325' title='bbox 935 4148 1115 4219; x_wconf 60' lang='lat' dir='ltr'><strong>conditiz¹¹¹¹</strong></span> 
     </span>
     <span class='ocr_line' id='line_1_41' title="bbox 177 4266 1157 4341; baseline -0.003 -22"><span class='ocrx_word' id='word_1_326' title='bbox 177 4268 269 4331; x_wconf 69' lang='lat' dir='ltr'><strong>neni.</strong></span> <span class='ocrx_word' id='word_1_327' title='bbox 277 4274 302 4318; x_wconf 85' lang='lat' dir='ltr'><strong>et</strong></span> <span class='ocrx_word' id='word_1_328' title='bbox 316 4267 375 4317; x_wconf 71' lang='lat' dir='ltr'><strong>Ver.</strong></span> <span class='ocrx_word' id='word_1_329' title='bbox 385 4267 452 4318; x_wconf 70' lang='lat' dir='ltr'><strong>cras.</strong></span> <span class='ocrx_word' id='word_1_330' title='bbox 621 4266 715 4319; x_wconf 72' lang='lat' dir='ltr'><strong>binius.</strong></span> <span class='ocrx_word' id='word_1_331' title='bbox 1020 4329 1025 4341; x_wconf 91' lang='lat'>.</span> <span class='ocrx_word' id='word_1_332' title='bbox 1095 4274 1111 4317; x_wconf 78' lang='grc'><strong>1</strong></span> <span class='ocrx_word' id='word_1_333' title='bbox 1128 4268 1157 4315; x_wconf 79' lang='grc' dir='ltr'><strong>Μ</strong></span> 
     </span>
    </p>
   </div>
   <div class='ocr_carea' id='block_1_5' title="bbox 0 0 1483 4767">
    <p class='ocr_par' dir='ltr' id='par_1_19' title="bbox 0 0 1483 4767">
     <span class='ocr_line' id='line_1_42' title="bbox 0 0 1483 4767; baseline 0 0"><span class='ocrx_word' id='word_1_334' title='bbox 0 0 1483 4767; x_wconf 95' lang='lat' dir='ltr'><strong> </strong></span> 
     </span>
    </p>
   </div>
  </div>
 </body>
</html>
