<?xml version="1.0" encoding="UTF-8"?>
<!DOCTYPE html PUBLIC "-//W3C//DTD XHTML 1.0 Transitional//EN"
    "http://www.w3.org/TR/xhtml1/DTD/xhtml1-transitional.dtd">
<html xmlns="http://www.w3.org/1999/xhtml" xml:lang="en" lang="en">
 <head>
  <title>
</title>
<meta http-equiv="Content-Type" content="text/html;charset=utf-8" />
  <meta name='ocr-system' content='tesseract 3.04.00' />
  <meta name='ocr-capabilities' content='ocr_page ocr_carea ocr_par ocr_line ocrx_word'/>
</head>
<body>
  <div class='ocr_page' id='page_1' title='image "./tliviipatavinih00unkngoog/tliviipatavinih00unkngoog_0458.png"; bbox 0 0 2917 4767; ppageno 0'>
   <div class='ocr_carea' id='block_1_1' title="bbox 267 367 891 435">
    <p class='ocr_par' dir='ltr' id='par_1_1' title="bbox 267 367 891 435">
     <span class='ocr_line' id='line_1_1' title="bbox 267 367 891 435; baseline -0.011 0"><span class='ocrx_word' id='word_1_1' title='bbox 267 367 355 435; x_wconf 74' lang='lat'><strong>1838</strong></span> <span class='ocrx_word' id='word_1_2' title='bbox 736 383 771 431; x_wconf 90' lang='grc' dir='ltr'><strong>τ.</strong></span> <span class='ocrx_word' id='word_1_3' title='bbox 797 377 891 429; x_wconf 78' lang='lat' dir='ltr'><strong>mvii</strong></span> 
     </span>
    </p>
   </div>
   <div class='ocr_carea' id='block_1_2' title="bbox 265 523 1380 814">
    <p class='ocr_par' dir='ltr' id='par_1_2' title="bbox 265 523 1380 814">
     <span class='ocr_line' id='line_1_2' title="bbox 267 523 1380 613; baseline -0.005 -20"><span class='ocrx_word' id='word_1_4' title='bbox 267 548 345 613; x_wconf 75' lang='lat' dir='ltr'><strong>quar</strong></span> <span class='ocrx_word' id='word_1_5' title='bbox 369 527 435 591; x_wconf 85' lang='lat' dir='ltr'><strong>sibi</strong></span> <span class='ocrx_word' id='word_1_6' title='bbox 451 525 577 608; x_wconf 81' lang='lat' dir='ltr'><strong>agenda</strong></span> <span class='ocrx_word' id='word_1_7' title='bbox 592 532 721 590; x_wconf 83' lang='lat' dir='ltr'><strong>armato</strong></span> <span class='ocrx_word' id='word_1_8' title='bbox 736 525 863 604; x_wconf 87' lang='lat' dir='ltr'><strong>sorout;</strong></span> <span class='ocrx_word' id='word_1_9' title='bbox 881 530 913 588; x_wconf 83' lang='lat' dir='ltr'><strong>et</strong></span> <span class='ocrx_word' id='word_1_10' title='bbox 928 525 1017 589; x_wconf 88' lang='lat' dir='ltr'><strong>diem</strong></span> <span class='ocrx_word' id='word_1_11' title='bbox 1034 543 1168 608; x_wconf 88' lang='lat' dir='ltr'><strong>quoque</strong></span> <span class='ocrx_word' id='word_1_12' title='bbox 1184 523 1380 607; x_wconf 72' lang='lat' dir='ltr'><strong>praedicere</strong></span> 
     </span>
     <span class='ocr_line' id='line_1_3' title="bbox 266 626 1379 714; baseline -0.008 -21"><span class='ocrx_word' id='word_1_13' title='bbox 266 636 396 714; x_wconf 80' lang='lat' dir='ltr'><strong>posset,</strong></span> <span class='ocrx_word' id='word_1_14' title='bbox 418 647 487 711; x_wconf 84' lang='lat' dir='ltr'><strong>quo</strong></span> <span class='ocrx_word' id='word_1_15' title='bbox 512 647 588 692; x_wconf 86' lang='lat' dir='ltr'><strong>cum</strong></span> <span class='ocrx_word' id='word_1_16' title='bbox 614 627 713 690; x_wconf 84' lang='lat' dir='ltr'><strong>hoste</strong></span> <span class='ocrx_word' id='word_1_17' title='bbox 739 628 843 708; x_wconf 81' lang='lat' dir='ltr'><strong>signis</strong></span> <span class='ocrx_word' id='word_1_18' title='bbox 868 627 1001 692; x_wconf 81' lang='lat' dir='ltr'><strong>collatis</strong></span> <span class='ocrx_word' id='word_1_19' title='bbox 1022 632 1114 690; x_wconf 83' lang='lat' dir='ltr'><strong>osset</strong></span> <span class='ocrx_word' id='word_1_20' title='bbox 1134 626 1379 690; x_wconf 84' lang='lat' dir='ltr'><strong>dimicaturos.</strong></span> 
     </span>
     <span class='ocr_line' id='line_1_4' title="bbox 265 727 1378 814; baseline -0.006 -18"><span class='ocrx_word' id='word_1_21' title='bbox 265 731 407 814; x_wconf 85' lang='lat' dir='ltr'><strong>So,quoe</strong></span> <span class='ocrx_word' id='word_1_22' title='bbox 421 730 567 794; x_wconf 79' lang='lat' dir='ltr'><strong>coneilio</strong></span> <span class='ocrx_word' id='word_1_23' title='bbox 580 730 689 812; x_wconf 79' lang='lat' dir='ltr'><strong>magis</strong></span> <span class='ocrx_word' id='word_1_24' title='bbox 702 747 758 793; x_wconf 86' lang='lat' dir='ltr'><strong>res</strong></span> <span class='ocrx_word' id='word_1_25' title='bbox 772 729 853 793; x_wconf 87' lang='lat' dir='ltr'><strong>dont</strong></span> <span class='ocrx_word' id='word_1_26' title='bbox 866 729 1084 805; x_wconf 77' lang='lat' dir='ltr'><strong>homiuibus,⁸</strong></span> <span class='ocrx_word' id='word_1_27' title='bbox 1098 747 1199 810; x_wconf 85' lang='lat' dir='ltr'><strong>quam</strong></span> <span class='ocrx_word' id='word_1_28' title='bbox 1211 727 1378 792; x_wconf 77' lang='lat' dir='ltr'><strong>homines</strong></span> 
     </span>
    </p>
   </div>
   <div class='ocr_carea' id='block_1_3' title="bbox 144 828 1375 922">
    <p class='ocr_par' dir='ltr' id='par_1_3' title="bbox 144 828 1375 922">
     <span class='ocr_line' id='line_1_5' title="bbox 144 828 1375 922; baseline -0.005 -24"><span class='ocrx_word' id='word_1_29' title='bbox 144 913 151 922; x_wconf 29' lang='grc'><em>’</em></span> <span class='ocrx_word' id='word_1_30' title='bbox 264 834 375 910; x_wconf 85' lang='lat' dir='ltr'><strong>robus,</strong></span> <span class='ocrx_word' id='word_1_31' title='bbox 390 839 664 915; x_wconf 81' lang='lat' dir='ltr'><strong>oaoutetempus</strong></span> <span class='ocrx_word' id='word_1_32' title='bbox 677 832 852 894; x_wconf 82' lang='lat' dir='ltr'><strong>immaturo</strong></span> <span class='ocrx_word' id='word_1_33' title='bbox 862 849 928 893; x_wconf 90' lang='lat' dir='ltr'><strong>nou</strong></span> <span class='ocrx_word' id='word_1_34' title='bbox 942 839 1202 912; x_wconf 79' lang='lat' dir='ltr'><strong>praeceptarum.</strong></span> <span class='ocrx_word' id='word_1_35' title='bbox 1225 828 1375 912; x_wconf 79' lang='lat' dir='ltr'><strong>Optare,</strong></span> 
     </span>
    </p>
   </div>
   <div class='ocr_carea' id='block_1_4' title="bbox 259 931 1376 2330">
    <p class='ocr_par' dir='ltr' id='par_1_4' title="bbox 263 931 1376 1523">
     <span class='ocr_line' id='line_1_6' title="bbox 264 931 1376 1018; baseline -0.004 -20"><span class='ocrx_word' id='word_1_36' title='bbox 264 943 314 1012; x_wconf 87' lang='lat' dir='ltr'><strong>at,</strong></span> <span class='ocrx_word' id='word_1_37' title='bbox 333 953 411 1018; x_wconf 79' lang='lat' dir='ltr'><strong>qum</strong></span> <span class='ocrx_word' id='word_1_38' title='bbox 432 939 532 998; x_wconf 82' lang='lat' dir='ltr'><strong>cauto</strong></span> <span class='ocrx_word' id='word_1_39' title='bbox 552 940 654 1015; x_wconf 83' lang='lat' dir='ltr'><strong>atquo</strong></span> <span class='ocrx_word' id='word_1_40' title='bbox 678 932 832 996; x_wconf 83' lang='lat' dir='ltr'><strong>consulto</strong></span> <span class='ocrx_word' id='word_1_41' title='bbox 851 938 946 1014; x_wconf 77' lang='lat' dir='ltr'><strong>gesta</strong></span> <span class='ocrx_word' id='word_1_42' title='bbox 963 937 1089 1004; x_wconf 84' lang='lat' dir='ltr'><strong>esseut,</strong></span> <span class='ocrx_word' id='word_1_43' title='bbox 1105 931 1190 994; x_wconf 83' lang='lat' dir='ltr'><strong>satis</strong></span> <span class='ocrx_word' id='word_1_44' title='bbox 1206 948 1376 1013; x_wconf 86' lang='lat' dir='ltr'><strong>prospero</strong></span> 
     </span>
     <span class='ocr_line' id='line_1_7' title="bbox 264 1031 1374 1116; baseline -0.005 -16"><span class='ocrx_word' id='word_1_45' title='bbox 264 1039 440 1100; x_wconf 73' lang='lat' dir='ltr'><strong>evenirent.</strong></span> <span class='ocrx_word' id='word_1_46' title='bbox 483 1035 733 1110; x_wconf 83' lang='lat' dir='ltr'><strong>Temeritoicm,</strong></span> <span class='ocrx_word' id='word_1_47' title='bbox 755 1032 1088 1116; x_wconf 79' lang='lat' dir='ltr'><strong>praeterquamquod</strong></span> <span class='ocrx_word' id='word_1_48' title='bbox 1109 1031 1216 1095; x_wconf 84' lang='lat' dir='ltr'><strong>stulta</strong></span> <span class='ocrx_word' id='word_1_49' title='bbox 1238 1035 1296 1108; x_wconf 86' lang='lat' dir='ltr'><strong>sit,</strong></span> <span class='ocrx_word' id='word_1_50' title='bbox 1319 1034 1374 1094; x_wconf 89' lang='lat' dir='ltr'><strong>in-</strong></span> 
     </span>
     <span class='ocr_line' id='line_1_8' title="bbox 263 1130 1372 1218; baseline -0.005 -16"><span class='ocrx_word' id='word_1_51' title='bbox 263 1137 397 1202; x_wconf 79' lang='lat' dir='ltr'><strong>felicem</strong></span> <span class='ocrx_word' id='word_1_52' title='bbox 412 1137 514 1200; x_wconf 85' lang='lat' dir='ltr'><strong>etiom</strong></span> <span class='ocrx_word' id='word_1_53' title='bbox 529 1135 573 1200; x_wconf 88' lang='lat' dir='ltr'><strong>ad</strong></span> <span class='ocrx_word' id='word_1_54' title='bbox 594 1135 629 1198; x_wconf 88' lang='lat' dir='ltr'><strong>id</strong></span> <span class='ocrx_word' id='word_1_55' title='bbox 650 1130 823 1199; x_wconf 69' lang='lat' dir='ltr'><strong>locorum*</strong></span> <span class='ocrx_word' id='word_1_56' title='bbox 836 1133 963 1198; x_wconf 66' lang='lat' dir='ltr'><strong>fuisse!</strong></span> <span class='ocrx_word' id='word_1_57' title='bbox 1008 1135 1049 1200; x_wconf 87' lang='lat' dir='ltr'><strong>ld</strong></span> <span class='ocrx_word' id='word_1_58' title='bbox 1075 1153 1138 1198; x_wconf 82' lang='lat' dir='ltr'><strong>suo</strong></span> <span class='ocrx_word' id='word_1_59' title='bbox 1157 1139 1278 1218; x_wconf 83' lang='lat' dir='ltr'><strong>sponte</strong></span> <span class='ocrx_word' id='word_1_60' title='bbox 1308 1153 1372 1215; x_wconf 85' lang='lat' dir='ltr'><strong>ap-</strong></span> 
     </span>
     <span class='ocr_line' id='line_1_9' title="bbox 263 1235 1369 1323; baseline -0.005 -20"><span class='ocrx_word' id='word_1_61' title='bbox 263 1241 414 1323; x_wconf 83' lang='lat' dir='ltr'><strong>parebat,</strong></span> <span class='ocrx_word' id='word_1_62' title='bbox 430 1244 505 1301; x_wconf 87' lang='lat' dir='ltr'><strong>tuto</strong></span> <span class='ocrx_word' id='word_1_63' title='bbox 519 1235 632 1300; x_wconf 80' lang='lat' dir='ltr'><strong>oum¹⁸</strong></span> <span class='ocrx_word' id='word_1_64' title='bbox 655 1236 820 1301; x_wconf 81' lang='lat' dir='ltr'><strong>celeribus</strong></span> <span class='ocrx_word' id='word_1_65' title='bbox 841 1235 991 1300; x_wconf 85' lang='lat' dir='ltr'><strong>consiliis</strong></span> <span class='ocrx_word' id='word_1_66' title='bbox 1014 1237 1293 1318; x_wconf 85' lang='lat' dir='ltr'><strong>praepositurum:</strong></span> <span class='ocrx_word' id='word_1_67' title='bbox 1322 1243 1369 1311; x_wconf 84' lang='lat' dir='ltr'><strong>et,</strong></span> 
     </span>
     <span class='ocr_line' id='line_1_10' title="bbox 263 1335 1368 1423; baseline -0.003 -21"><span class='ocrx_word' id='word_1_68' title='bbox 263 1359 332 1423; x_wconf 91' lang='lat' dir='ltr'><strong>quo</strong></span> <span class='ocrx_word' id='word_1_69' title='bbox 353 1341 388 1402; x_wconf 91' lang='lat' dir='ltr'><strong>id</strong></span> <span class='ocrx_word' id='word_1_70' title='bbox 410 1340 620 1403; x_wconf 80' lang='lat' dir='ltr'><strong>coustantius</strong></span> <span class='ocrx_word' id='word_1_71' title='bbox 641 1335 891 1420; x_wconf 58' lang='lat' dir='ltr'><strong>perseveraret?</strong></span> <span class='ocrx_word' id='word_1_72' title='bbox 906 1335 951 1415; x_wconf 83' lang='lat' dir='ltr'><strong>Q.</strong></span> <span class='ocrx_word' id='word_1_73' title='bbox 968 1337 1094 1404; x_wconf 79' lang='lat' dir='ltr'><strong>Fabius</strong></span> <span class='ocrx_word' id='word_1_74' title='bbox 1115 1335 1295 1400; x_wconf 80' lang='lat' dir='ltr'><strong>Maximus</strong></span> <span class='ocrx_word' id='word_1_75' title='bbox 1317 1337 1368 1399; x_wconf 88' lang='lat' dir='ltr'><strong>sic</strong></span> 
     </span>
     <span class='ocr_line' id='line_1_11' title="bbox 265 1437 941 1523; baseline -0.003 -19"><span class='ocrx_word' id='word_1_76' title='bbox 265 1459 342 1504; x_wconf 87' lang='lat' dir='ltr'><strong>eom</strong></span> <span class='ocrx_word' id='word_1_77' title='bbox 358 1438 625 1523; x_wconf 82' lang='lat' dir='ltr'><strong>proficiscentem</strong></span> <span class='ocrx_word' id='word_1_78' title='bbox 639 1438 807 1502; x_wconf 84' lang='lat' dir='ltr'><strong>allocutus</strong></span> <span class='ocrx_word' id='word_1_79' title='bbox 821 1437 941 1502; x_wconf 79' lang='lat' dir='ltr'><strong>fertur:</strong></span> 
     </span>
    </p>

    <p class='ocr_par' dir='ltr' id='par_1_5' title="bbox 259 1535 1368 2330">
     <span class='ocr_line' id='line_1_12' title="bbox 304 1535 1366 1623; baseline -0.005 -18"><span class='ocrx_word' id='word_1_80' title='bbox 304 1543 359 1606; x_wconf 76' lang='lat'><strong>39.</strong></span> <span class='ocrx_word' id='word_1_81' title='bbox 382 1540 446 1604; x_wconf 93' lang='lat' dir='ltr'><strong>‘Si</strong></span> <span class='ocrx_word' id='word_1_82' title='bbox 461 1545 522 1603; x_wconf 86' lang='lat' dir='ltr'><strong>aut</strong></span> <span class='ocrx_word' id='word_1_83' title='bbox 534 1539 700 1618; x_wconf 71' lang='lat' dir='ltr'><strong>collegam</strong></span> <span class='ocrx_word' id='word_1_84' title='bbox 723 1537 776 1623; x_wconf 92' lang='lat' dir='ltr'><strong>(id</strong></span> <span class='ocrx_word' id='word_1_85' title='bbox 800 1537 890 1621; x_wconf 89' lang='lat' dir='ltr'><strong>quod</strong></span> <span class='ocrx_word' id='word_1_86' title='bbox 911 1536 1065 1622; x_wconf 86' lang='lat' dir='ltr'><strong>mallem)</strong></span> <span class='ocrx_word' id='word_1_87' title='bbox 1088 1539 1136 1602; x_wconf 88' lang='lat' dir='ltr'><strong>tui</strong></span> <span class='ocrx_word' id='word_1_88' title='bbox 1151 1536 1307 1614; x_wconf 81' lang='lat' dir='ltr'><strong>similem,</strong></span> <span class='ocrx_word' id='word_1_89' title='bbox 1324 1535 1366 1600; x_wconf 83' lang='lat' dir='ltr'><strong>L.</strong></span> 
     </span>
     <span class='ocr_line' id='line_1_13' title="bbox 263 1640 1368 1722; baseline -0.005 -14"><span class='ocrx_word' id='word_1_90' title='bbox 263 1642 393 1720; x_wconf 82' lang='lat' dir='ltr'><strong>AEmili,</strong></span> <span class='ocrx_word' id='word_1_91' title='bbox 408 1642 561 1718; x_wconf 82' lang='lat' dir='ltr'><strong>haberes,</strong></span> <span class='ocrx_word' id='word_1_92' title='bbox 576 1646 636 1705; x_wconf 86' lang='lat' dir='ltr'><strong>aut</strong></span> <span class='ocrx_word' id='word_1_93' title='bbox 654 1645 691 1705; x_wconf 88' lang='lat' dir='ltr'><strong>tu</strong></span> <span class='ocrx_word' id='word_1_94' title='bbox 713 1640 852 1721; x_wconf 80' lang='lat' dir='ltr'><strong>collegae</strong></span> <span class='ocrx_word' id='word_1_95' title='bbox 875 1641 926 1704; x_wconf 92' lang='lat' dir='ltr'><strong>tui</strong></span> <span class='ocrx_word' id='word_1_96' title='bbox 947 1641 1068 1704; x_wconf 85' lang='lat' dir='ltr'><strong>similis</strong></span> <span class='ocrx_word' id='word_1_97' title='bbox 1081 1659 1187 1710; x_wconf 80' lang='lat' dir='ltr'><strong>esses,</strong></span> <span class='ocrx_word' id='word_1_98' title='bbox 1204 1657 1368 1722; x_wconf 86' lang='lat' dir='ltr'><strong>superva-</strong></span> 
     </span>
     <span class='ocr_line' id='line_1_14' title="bbox 262 1741 1365 1820; baseline -0.004 -12"><span class='ocrx_word' id='word_1_99' title='bbox 262 1763 368 1809; x_wconf 83' lang='lat' dir='ltr'><strong>canea</strong></span> <span class='ocrx_word' id='word_1_100' title='bbox 382 1750 474 1808; x_wconf 83' lang='lat' dir='ltr'><strong>ossei</strong></span> <span class='ocrx_word' id='word_1_101' title='bbox 488 1743 595 1808; x_wconf 86' lang='lat' dir='ltr'><strong>oratio</strong></span> <span class='ocrx_word' id='word_1_102' title='bbox 608 1759 696 1807; x_wconf 81' lang='lat' dir='ltr'><strong>mea.</strong></span> <span class='ocrx_word' id='word_1_103' title='bbox 741 1741 831 1806; x_wconf 80' lang='lat' dir='ltr'><strong>Nem</strong></span> <span class='ocrx_word' id='word_1_104' title='bbox 846 1747 879 1806; x_wconf 89' lang='lat' dir='ltr'><strong>et</strong></span> <span class='ocrx_word' id='word_1_105' title='bbox 893 1742 960 1806; x_wconf 90' lang='lat' dir='ltr'><strong>duo</strong></span> <span class='ocrx_word' id='word_1_106' title='bbox 980 1743 1061 1808; x_wconf 87' lang='lat' dir='ltr'><strong>boni</strong></span> <span class='ocrx_word' id='word_1_107' title='bbox 1080 1741 1250 1818; x_wconf 82' lang='lat' dir='ltr'><strong>consules,</strong></span> <span class='ocrx_word' id='word_1_108' title='bbox 1264 1741 1365 1820; x_wconf 79' lang='lat' dir='ltr'><strong>etium</strong></span> 
     </span>
     <span class='ocr_line' id='line_1_15' title="bbox 261 1839 1365 1925; baseline -0.002 -17"><span class='ocrx_word' id='word_1_109' title='bbox 261 1863 316 1908; x_wconf 85' lang='lat' dir='ltr'><strong>me</strong></span> <span class='ocrx_word' id='word_1_110' title='bbox 328 1844 556 1922; x_wconf 78' lang='lat' dir='ltr'><strong>indicento,¹⁹‘</strong></span> <span class='ocrx_word' id='word_1_111' title='bbox 571 1844 683 1907; x_wconf 83' lang='lat' dir='ltr'><strong>omnia</strong></span> <span class='ocrx_word' id='word_1_112' title='bbox 696 1863 716 1907; x_wconf 88' lang='lat' dir='ltr'><strong>o</strong></span> <span class='ocrx_word' id='word_1_113' title='bbox 729 1861 765 1906; x_wconf 88' lang='lat' dir='ltr'><strong>re</strong></span> <span class='ocrx_word' id='word_1_114' title='bbox 780 1843 918 1925; x_wconf 83' lang='lat' dir='ltr'><strong>publico</strong></span> <span class='ocrx_word' id='word_1_115' title='bbox 939 1839 1007 1906; x_wconf 84' lang='lat' dir='ltr'><strong>fido</strong></span> <span class='ocrx_word' id='word_1_116' title='bbox 1017 1849 1045 1880; x_wconf 84' lang='lat'><strong>²0</strong></span> <span class='ocrx_word' id='word_1_117' title='bbox 1060 1851 1171 1908; x_wconf 83' lang='lat' dir='ltr'><strong>vestra</strong></span> <span class='ocrx_word' id='word_1_118' title='bbox 1192 1842 1365 1917; x_wconf 78' lang='lat' dir='ltr'><strong>laceretis,</strong></span> 
     </span>
     <span class='ocr_line' id='line_1_16' title="bbox 261 1943 1365 2020; baseline -0.005 -9"><span class='ocrx_word' id='word_1_119' title='bbox 261 1955 297 2011; x_wconf 86' lang='lat' dir='ltr'><strong>et</strong></span> <span class='ocrx_word' id='word_1_120' title='bbox 310 1945 410 2010; x_wconf 74' lang='lat' dir='ltr'><strong>mali⁶</strong></span> <span class='ocrx_word' id='word_1_121' title='bbox 424 1965 485 2010; x_wconf 86' lang='lat' dir='ltr'><strong>nec</strong></span> <span class='ocrx_word' id='word_1_122' title='bbox 499 1963 575 2009; x_wconf 86' lang='lat' dir='ltr'><strong>mea</strong></span> <span class='ocrx_word' id='word_1_123' title='bbox 590 1946 695 2008; x_wconf 82' lang='lat' dir='ltr'><strong>verba</strong></span> <span class='ocrx_word' id='word_1_124' title='bbox 708 1944 846 2008; x_wconf 82' lang='lat' dir='ltr'><strong>auribus</strong></span> <span class='ocrx_word' id='word_1_125' title='bbox 861 1943 993 2020; x_wconf 81' lang='lat' dir='ltr'><strong>vestris,</strong></span> <span class='ocrx_word' id='word_1_126' title='bbox 1005 1962 1073 2008; x_wconf 86' lang='lat' dir='ltr'><strong>nec</strong></span> <span class='ocrx_word' id='word_1_127' title='bbox 1087 1945 1228 2008; x_wconf 84' lang='lat' dir='ltr'><strong>consilia</strong></span> <span class='ocrx_word' id='word_1_128' title='bbox 1242 1945 1365 2008; x_wconf 82' lang='lat' dir='ltr'><strong>animis</strong></span> 
     </span>
     <span class='ocr_line' id='line_1_17' title="bbox 260 2044 1365 2130; baseline -0.003 -19"><span class='ocrx_word' id='word_1_129' title='bbox 260 2048 479 2130; x_wconf 77' lang='lat' dir='ltr'><strong>occiperetiu.¹</strong></span> <span class='ocrx_word' id='word_1_130' title='bbox 525 2044 628 2110; x_wconf 87' lang='lat' dir='ltr'><strong>Nunc</strong></span> <span class='ocrx_word' id='word_1_131' title='bbox 643 2052 679 2109; x_wconf 85' lang='lat' dir='ltr'><strong>et</strong></span> <span class='ocrx_word' id='word_1_132' title='bbox 692 2044 855 2128; x_wconf 80' lang='lat' dir='ltr'><strong>collegam</strong></span> <span class='ocrx_word' id='word_1_133' title='bbox 869 2051 963 2109; x_wconf 88' lang='lat' dir='ltr'><strong>tuum</strong></span> <span class='ocrx_word' id='word_1_134' title='bbox 976 2053 1008 2110; x_wconf 87' lang='lat' dir='ltr'><strong>et</strong></span> <span class='ocrx_word' id='word_1_135' title='bbox 1021 2051 1056 2109; x_wconf 89' lang='lat' dir='ltr'><strong>tc</strong></span> <span class='ocrx_word' id='word_1_136' title='bbox 1072 2045 1175 2109; x_wconf 84' lang='lat' dir='ltr'><strong>talem</strong></span> <span class='ocrx_word' id='word_1_137' title='bbox 1190 2045 1300 2110; x_wconf 82' lang='lat' dir='ltr'><strong>virum</strong></span> <span class='ocrx_word' id='word_1_138' title='bbox 1315 2047 1365 2112; x_wconf 89' lang='lat' dir='ltr'><strong>iu-</strong></span> 
     </span>
     <span class='ocr_line' id='line_1_18' title="bbox 259 2145 1363 2229; baseline 0 -18"><span class='ocrx_word' id='word_1_139' title='bbox 259 2145 367 2212; x_wconf 81' lang='lat' dir='ltr'><strong>iuenti</strong></span> <span class='ocrx_word' id='word_1_140' title='bbox 392 2147 473 2212; x_wconf 87' lang='lat' dir='ltr'><strong>mihi</strong></span> <span class='ocrx_word' id='word_1_141' title='bbox 498 2153 611 2210; x_wconf 85' lang='lat' dir='ltr'><strong>tecum</strong></span> <span class='ocrx_word' id='word_1_142' title='bbox 634 2147 744 2209; x_wconf 87' lang='lat' dir='ltr'><strong>omnis</strong></span> <span class='ocrx_word' id='word_1_143' title='bbox 768 2147 875 2210; x_wconf 84' lang='lat' dir='ltr'><strong>oratio</strong></span> <span class='ocrx_word' id='word_1_144' title='bbox 896 2149 967 2224; x_wconf 65' lang='grc' dir='ltr'><strong>θεῖς</strong></span> <span class='ocrx_word' id='word_1_145' title='bbox 991 2165 1091 2228; x_wconf 85' lang='lat' dir='ltr'><strong>quem</strong></span> <span class='ocrx_word' id='word_1_146' title='bbox 1107 2146 1208 2210; x_wconf 82' lang='lat' dir='ltr'><strong>video</strong></span> <span class='ocrx_word' id='word_1_147' title='bbox 1223 2149 1363 2229; x_wconf 87' lang='lat' dir='ltr'><strong>nequie-</strong></span> 
     </span>
     <span class='ocr_line' id='line_1_19' title="bbox 261 2245 1362 2330; baseline 0.001 -18"><span class='ocrx_word' id='word_1_148' title='bbox 261 2267 362 2330; x_wconf 83' lang='lat' dir='ltr'><strong>quam</strong></span> <span class='ocrx_word' id='word_1_149' title='bbox 377 2254 410 2312; x_wconf 83' lang='lat' dir='ltr'><strong>ei</strong></span> <span class='ocrx_word' id='word_1_150' title='bbox 421 2249 527 2312; x_wconf 82' lang='lat' dir='ltr'><strong>virum</strong></span> <span class='ocrx_word' id='word_1_151' title='bbox 543 2248 666 2311; x_wconf 90' lang='lat' dir='ltr'><strong>bonum</strong></span> <span class='ocrx_word' id='word_1_152' title='bbox 682 2253 716 2311; x_wconf 85' lang='lat' dir='ltr'><strong>et</strong></span> <span class='ocrx_word' id='word_1_153' title='bbox 732 2247 841 2310; x_wconf 84' lang='lat' dir='ltr'><strong>civem</strong></span> <span class='ocrx_word' id='word_1_154' title='bbox 854 2245 950 2310; x_wconf 77' lang='lat' dir='ltr'><strong>iore.²</strong></span> <span class='ocrx_word' id='word_1_155' title='bbox 980 2247 1017 2311; x_wconf 92' lang='lat' dir='ltr'><strong>Si</strong></span> <span class='ocrx_word' id='word_1_156' title='bbox 1032 2247 1141 2310; x_wconf 81' lang='lat' dir='ltr'><strong>altera</strong></span> <span class='ocrx_word' id='word_1_157' title='bbox 1154 2254 1253 2330; x_wconf 83' lang='lat' dir='ltr'><strong>porte</strong></span> <span class='ocrx_word' id='word_1_158' title='bbox 1269 2249 1362 2313; x_wconf 84' lang='lat' dir='ltr'><strong>clao-</strong></span> 
     </span>
    </p>
   </div>
   <div class='ocr_carea' id='block_1_5' title="bbox 292 2410 1163 2476">
    <p class='ocr_par' dir='ltr' id='par_1_6' title="bbox 292 2410 1163 2476">
     <span class='ocr_line' id='line_1_20' title="bbox 292 2410 1163 2476; baseline 0.002 -14"><span class='ocrx_word' id='word_1_159' title='bbox 292 2410 304 2443; x_wconf 80' lang='lat'>¹</span> <span class='ocrx_word' id='word_1_160' title='bbox 324 2411 607 2476; x_wconf 64' lang='lat' dir='ltr'><strong>commonemini.</strong></span> <span class='ocrx_word' id='word_1_161' title='bbox 862 2410 1061 2462; x_wconf 65' lang='lat' dir='ltr'><strong>‘simmia&#39;</strong></span> <span class='ocrx_word' id='word_1_162' title='bbox 1071 2415 1163 2464; x_wconf 68' lang='lat' dir='ltr'><strong>esurio</strong></span> 
     </span>
    </p>
   </div>
   <div class='ocr_carea' id='block_1_6' title="bbox 718 2557 902 2580">
    <p class='ocr_par' dir='ltr' id='par_1_7' title="bbox 718 2557 902 2580">
     <span class='ocr_line' id='line_1_21' title="bbox 718 2557 902 2580; baseline 0.005 -3"><span class='ocrx_word' id='word_1_163' title='bbox 718 2557 902 2580; x_wconf 62' lang='lat' dir='ltr'><strong>eoum</strong></span> 
     </span>
    </p>
   </div>
   <div class='ocr_carea' id='block_1_7' title="bbox 249 2671 1360 3061">
    <p class='ocr_par' dir='ltr' id='par_1_8' title="bbox 257 2671 1360 2798">
     <span class='ocr_line' id='line_1_22' title="bbox 257 2671 1360 2798; baseline 0.009 -80"><span class='ocrx_word' id='word_1_164' title='bbox 257 2671 567 2798; x_wconf 47' lang='lat' dir='ltr'><strong>augriffiaffitrecepi</strong></span> <span class='ocrx_word' id='word_1_165' title='bbox 578 2678 684 2734; x_wconf 70' lang='lat' dir='ltr'><strong>imm,</strong></span> <span class='ocrx_word' id='word_1_166' title='bbox 694 2673 736 2722; x_wconf 86' lang='lat' dir='ltr'><strong>coi</strong></span> <span class='ocrx_word' id='word_1_167' title='bbox 746 2679 853 2724; x_wconf 71' lang='lat' dir='ltr'><strong>orm</strong></span> <span class='ocrx_word' id='word_1_168' title='bbox 864 2674 1014 2739; x_wconf 81' lang='lat' dir='ltr'><strong>opponitur,</strong></span> <span class='ocrx_word' id='word_1_169' title='bbox 1022 2681 1050 2724; x_wconf 88' lang='lat' dir='ltr'><strong>ot</strong></span> <span class='ocrx_word' id='word_1_170' title='bbox 1062 2672 1175 2738; x_wconf 68' lang='lat' dir='ltr'><strong>paralio!</strong></span> <span class='ocrx_word' id='word_1_171' title='bbox 1192 2675 1360 2739; x_wconf 59' lang='lat' dir='ltr'><strong>linwert-lt</strong></span> 
     </span>
    </p>

    <p class='ocr_par' dir='ltr' id='par_1_9' title="bbox 249 2801 1360 3061">
     <span class='ocr_line' id='line_1_23' title="bbox 290 2801 1360 2869; baseline 0.003 -20"><span class='ocrx_word' id='word_1_172' title='bbox 290 2804 323 2849; x_wconf 80' lang='lat' dir='ltr'><strong>lu</strong></span> <span class='ocrx_word' id='word_1_173' title='bbox 340 2802 440 2852; x_wconf 82' lang='lat' dir='ltr'><strong>Taceate</strong></span> <span class='ocrx_word' id='word_1_174' title='bbox 451 2801 712 2852; x_wconf 80' lang='lat' dir='ltr'><strong>EddaoteGrouor.</strong></span> <span class='ocrx_word' id='word_1_175' title='bbox 747 2801 808 2851; x_wconf 80' lang='lat' dir='ltr'><strong>vid.</strong></span> <span class='ocrx_word' id='word_1_176' title='bbox 820 2802 885 2851; x_wconf 85' lang='lat' dir='ltr'><strong>Not.</strong></span> <span class='ocrx_word' id='word_1_177' title='bbox 892 2801 1021 2852; x_wconf 76' lang='lat' dir='ltr'><strong>Vra-2⁰</strong></span> <span class='ocrx_word' id='word_1_178' title='bbox 1038 2801 1135 2851; x_wconf 83' lang='lat' dir='ltr'><strong>‘Forte</strong></span> <span class='ocrx_word' id='word_1_179' title='bbox 1147 2817 1205 2852; x_wconf 87' lang='lat' dir='ltr'><strong>eura</strong></span> <span class='ocrx_word' id='word_1_180' title='bbox 1218 2803 1360 2869; x_wconf 68' lang='lat' dir='ltr'><strong>Drahleg.</strong></span> 
     </span>
     <span class='ocr_line' id='line_1_24' title="bbox 257 2864 1360 2932; baseline 0.006 -20"><span class='ocrx_word' id='word_1_181' title='bbox 257 2864 576 2930; x_wconf 76' lang='lat' dir='ltr'><strong>acstde‚velcum1&#39;eria.</strong></span> <span class='ocrx_word' id='word_1_182' title='bbox 586 2866 691 2931; x_wconf 75' lang='lat' dir='ltr'><strong>fideque.</strong></span> <span class='ocrx_word' id='word_1_183' title='bbox 724 2864 896 2917; x_wconf 78' lang='lat' dir='ltr'><strong>Desideratur</strong></span> <span class='ocrx_word' id='word_1_184' title='bbox 908 2880 970 2915; x_wconf 81' lang='lat' dir='ltr'><strong>rane</strong></span> <span class='ocrx_word' id='word_1_185' title='bbox 982 2867 1083 2928; x_wconf 82' lang='lat' dir='ltr'><strong>copula,</strong></span> <span class='ocrx_word' id='word_1_186' title='bbox 1096 2867 1143 2915; x_wconf 86' lang='lat' dir='ltr'><strong>oiri</strong></span> <span class='ocrx_word' id='word_1_187' title='bbox 1153 2867 1208 2932; x_wconf 76' lang='lat' dir='ltr'><strong>fide</strong></span> <span class='ocrx_word' id='word_1_188' title='bbox 1218 2875 1300 2919; x_wconf 81' lang='lat' dir='ltr'><strong>oealro</strong></span> <span class='ocrx_word' id='word_1_189' title='bbox 1310 2880 1360 2928; x_wconf 80' lang='lat' dir='ltr'><strong>eet,</strong></span> 
     </span>
     <span class='ocr_line' id='line_1_25' title="bbox 257 2928 1360 2996; baseline 0.004 -18"><span class='ocrx_word' id='word_1_190' title='bbox 257 2930 399 2979; x_wconf 84' lang='lat' dir='ltr'><strong>recundiun</strong></span> <span class='ocrx_word' id='word_1_191' title='bbox 411 2929 488 2979; x_wconf 83' lang='lat' dir='ltr'><strong>iidem</strong></span> <span class='ocrx_word' id='word_1_192' title='bbox 499 2928 627 2978; x_wconf 64' lang='lat' dir='ltr'><strong>vautram!</strong></span> <span class='ocrx_word' id='word_1_193' title='bbox 644 2931 780 2980; x_wconf 67' lang='lat' dir='ltr'><strong>Bouto—l</strong></span> <span class='ocrx_word' id='word_1_194' title='bbox 795 2929 837 2979; x_wconf 81' lang='lat' dir='ltr'><strong>Al.</strong></span> <span class='ocrx_word' id='word_1_195' title='bbox 847 2929 1039 2992; x_wconf 66' lang='lat' dir='ltr'><strong>reciperem—¹2</strong></span> <span class='ocrx_word' id='word_1_196' title='bbox 1051 2930 1292 2984; x_wconf 75' lang='lat' dir='ltr'><strong>‘unctoresuom</strong></span> <span class='ocrx_word' id='word_1_197' title='bbox 1302 2941 1360 2996; x_wconf 79' lang='lat' dir='ltr'><strong>poor</strong></span> 
     </span>
     <span class='ocr_line' id='line_1_26' title="bbox 249 2993 1359 3061; baseline 0.004 -19"><span class='ocrx_word' id='word_1_198' title='bbox 249 2994 317 3056; x_wconf 80' lang='lat' dir='ltr'><strong>fore,</strong></span> <span class='ocrx_word' id='word_1_199' title='bbox 327 3008 377 3042; x_wconf 90' lang='lat' dir='ltr'><strong>oon</strong></span> <span class='ocrx_word' id='word_1_200' title='bbox 388 2993 600 3057; x_wconf 73' lang='lat' dir='ltr'><strong>pontrecpoilico,</strong></span> <span class='ocrx_word' id='word_1_201' title='bbox 608 2995 732 3058; x_wconf 86' lang='lat' dir='ltr'><strong>majorem</strong></span> <span class='ocrx_word' id='word_1_202' title='bbox 744 2993 860 3044; x_wconf 76' lang='lat' dir='ltr'><strong>distinct.</strong></span> <span class='ocrx_word' id='word_1_203' title='bbox 869 2993 958 3058; x_wconf 69' lang='lat' dir='ltr'><strong>perui:</strong></span> <span class='ocrx_word' id='word_1_204' title='bbox 976 2995 1027 3045; x_wconf 86' lang='lat' dir='ltr'><strong>otri</strong></span> <span class='ocrx_word' id='word_1_205' title='bbox 1037 3009 1128 3061; x_wconf 83' lang='lat' dir='ltr'><strong>parum</strong></span> <span class='ocrx_word' id='word_1_206' title='bbox 1138 2996 1258 3046; x_wconf 78' lang='lat' dir='ltr'><strong>interest.</strong></span> <span class='ocrx_word' id='word_1_207' title='bbox 1289 2999 1359 3046; x_wconf 68' lang='lat' dir='ltr'><strong>Cloe·</strong></span> 
     </span>
    </p>
   </div>
   <div class='ocr_carea' id='block_1_8' title="bbox 754 3137 861 3190">
    <p class='ocr_par' dir='ltr' id='par_1_10' title="bbox 754 3137 861 3190">
     <span class='ocr_line' id='line_1_27' title="bbox 754 3137 861 3190; baseline 0.009 -1"><span class='ocrx_word' id='word_1_208' title='bbox 754 3137 861 3190; x_wconf 79' lang='lat' dir='ltr'>NOTAE</span> 
     </span>
    </p>
   </div>
   <div class='ocr_carea' id='block_1_9' title="bbox 249 3228 1357 4286">
    <p class='ocr_par' dir='ltr' id='par_1_11' title="bbox 249 3228 1357 3376">
     <span class='ocr_line' id='line_1_28' title="bbox 249 3228 1357 3306; baseline 0.008 -23"><span class='ocrx_word' id='word_1_209' title='bbox 249 3228 429 3299; x_wconf 66' lang='lat' dir='ltr'><strong>fueritqualir</strong></span> <span class='ocrx_word' id='word_1_210' title='bbox 440 3236 533 3291; x_wconf 85' lang='lat' dir='ltr'><strong>Varro.</strong></span> <span class='ocrx_word' id='word_1_211' title='bbox 544 3233 589 3299; x_wconf 84' lang='lat' dir='ltr'><strong>qul</strong></span> <span class='ocrx_word' id='word_1_212' title='bbox 600 3249 729 3302; x_wconf 85' lang='lat' dir='ltr'><strong>nunquam</strong></span> <span class='ocrx_word' id='word_1_213' title='bbox 741 3251 784 3286; x_wconf 81' lang='lat' dir='ltr'><strong>ex·</strong></span> <span class='ocrx_word' id='word_1_214' title='bbox 826 3239 1010 3302; x_wconf 69' lang='lat' dir='ltr'><strong>perseverare&#39;</strong></span> <span class='ocrx_word' id='word_1_215' title='bbox 1027 3239 1080 3292; x_wconf 86' lang='lat' dir='ltr'><strong>Cic.</strong></span> <span class='ocrx_word' id='word_1_216' title='bbox 1103 3238 1181 3304; x_wconf 83' lang='lat' dir='ltr'><strong>dixit,</strong></span> <span class='ocrx_word' id='word_1_217' title='bbox 1198 3253 1256 3306; x_wconf 85' lang='lat' dir='ltr'><strong>pro,</strong></span> <span class='ocrx_word' id='word_1_218' title='bbox 1279 3241 1305 3291; x_wconf 88' lang='lat' dir='ltr'><strong>io</strong></span> <span class='ocrx_word' id='word_1_219' title='bbox 1327 3257 1357 3292; x_wconf 88' lang='lat' dir='ltr'><strong>eo</strong></span> 
     </span>
     <span class='ocr_line' id='line_1_29' title="bbox 254 3311 1002 3376; baseline 0.005 -16"><span class='ocrx_word' id='word_1_220' title='bbox 254 3311 365 3360; x_wconf 79' lang='lat' dir='ltr'><strong>ercitum</strong></span> <span class='ocrx_word' id='word_1_221' title='bbox 377 3311 495 3359; x_wconf 85' lang='lat' dir='ltr'><strong>duxerat.</strong></span> <span class='ocrx_word' id='word_1_222' title='bbox 826 3326 1002 3376; x_wconf 81' lang='lat' dir='ltr'><strong>perreverare.</strong></span> 
     </span>
    </p>

    <p class='ocr_par' dir='ltr' id='par_1_12' title="bbox 253 3385 1356 3758">
     <span class='ocr_line' id='line_1_30' title="bbox 287 3385 1355 3458; baseline 0.007 -23"><span class='ocrx_word' id='word_1_223' title='bbox 287 3394 301 3420; x_wconf 76' lang='lat'>⁸</span> <span class='ocrx_word' id='word_1_224' title='bbox 318 3385 624 3449; x_wconf 66' lang='lat' dir='ltr'><strong>Concilionocirrerdeai</strong></span> <span class='ocrx_word' id='word_1_225' title='bbox 640 3387 784 3450; x_wconf 55' lang='lat' dir='ltr'><strong>umor]</strong></span> <span class='ocrx_word' id='word_1_226' title='bbox 858 3390 969 3438; x_wconf 73' lang='lat' dir='ltr'><strong>eEliiuu</strong></span> <span class='ocrx_word' id='word_1_227' title='bbox 986 3404 1022 3438; x_wconf 74' lang='lat' dir='ltr'><strong>me</strong></span> <span class='ocrx_word' id='word_1_228' title='bbox 1036 3389 1155 3441; x_wconf 72' lang='lat' dir='ltr'><strong>indicente</strong></span> <span class='ocrx_word' id='word_1_229' title='bbox 1170 3392 1288 3458; x_wconf 71' lang='lat' dir='ltr'><strong>[menie]</strong></span> <span class='ocrx_word' id='word_1_230' title='bbox 1307 3395 1355 3445; x_wconf 83' lang='lat' dir='ltr'><strong>lie·</strong></span> 
     </span>
     <span class='ocr_line' id='line_1_31' title="bbox 256 3459 1356 3524; baseline 0.009 -14"><span class='ocrx_word' id='word_1_231' title='bbox 256 3461 289 3510; x_wconf 89' lang='lat' dir='ltr'><strong>Io</strong></span> <span class='ocrx_word' id='word_1_232' title='bbox 300 3460 368 3510; x_wconf 84' lang='lat' dir='ltr'><strong>bollo</strong></span> <span class='ocrx_word' id='word_1_233' title='bbox 380 3459 560 3511; x_wconf 78' lang='lat' dir='ltr'><strong>eeoeeonaiiia</strong></span> <span class='ocrx_word' id='word_1_234' title='bbox 577 3475 610 3509; x_wconf 84' lang='lat' dir='ltr'><strong>ex</strong></span> <span class='ocrx_word' id='word_1_235' title='bbox 629 3461 706 3509; x_wconf 82' lang='lat' dir='ltr'><strong>rebor</strong></span> <span class='ocrx_word' id='word_1_236' title='bbox 721 3462 785 3524; x_wconf 81' lang='lat' dir='ltr'><strong>ipris</strong></span> <span class='ocrx_word' id='word_1_237' title='bbox 824 3464 915 3514; x_wconf 85' lang='lat' dir='ltr'><strong>rcribit</strong></span> <span class='ocrx_word' id='word_1_238' title='bbox 933 3465 1057 3515; x_wconf 77' lang='lat' dir='ltr'><strong>audacter</strong></span> <span class='ocrx_word' id='word_1_239' title='bbox 1073 3467 1220 3518; x_wconf 83' lang='lat' dir='ltr'><strong>Groaoritu</strong></span> <span class='ocrx_word' id='word_1_240' title='bbox 1237 3485 1276 3519; x_wconf 81' lang='lat' dir='ltr'><strong>are</strong></span> <span class='ocrx_word' id='word_1_241' title='bbox 1294 3459 1356 3520; x_wconf 73' lang='lat' dir='ltr'><strong>iulii·</strong></span> 
     </span>
     <span class='ocr_line' id='line_1_32' title="bbox 255 3535 1355 3605; baseline 0.014 -22"><span class='ocrx_word' id='word_1_242' title='bbox 255 3535 392 3599; x_wconf 78' lang='lat' dir='ltr'><strong>capienda,</strong></span> <span class='ocrx_word' id='word_1_243' title='bbox 408 3535 472 3584; x_wconf 86' lang='lat' dir='ltr'><strong>loeie</strong></span> <span class='ocrx_word' id='word_1_244' title='bbox 492 3549 597 3598; x_wconf 76' lang='lat' dir='ltr'><strong>nempe,</strong></span> <span class='ocrx_word' id='word_1_245' title='bbox 615 3538 785 3600; x_wconf 73' lang='lat' dir='ltr'><strong>temporibus,</strong></span> <span class='ocrx_word' id='word_1_246' title='bbox 823 3546 898 3605; x_wconf 76' lang='lat' dir='ltr'><strong>ceute,</strong></span> <span class='ocrx_word' id='word_1_247' title='bbox 915 3541 995 3590; x_wconf 85' lang='lat' dir='ltr'><strong>docta</strong></span> <span class='ocrx_word' id='word_1_248' title='bbox 1011 3542 1165 3605; x_wconf 83' lang='lat' dir='ltr'><strong>conjectura</strong></span> <span class='ocrx_word' id='word_1_249' title='bbox 1178 3557 1211 3592; x_wconf 86' lang='lat' dir='ltr'><strong>ex</strong></span> <span class='ocrx_word' id='word_1_250' title='bbox 1230 3545 1355 3598; x_wconf 82' lang='lat' dir='ltr'><strong>Terentio</strong></span> 
     </span>
     <span class='ocr_line' id='line_1_33' title="bbox 253 3609 1354 3681; baseline 0.012 -20"><span class='ocrx_word' id='word_1_251' title='bbox 253 3609 449 3661; x_wconf 67' lang='lat' dir='ltr'><strong>occasionibus:</strong></span> <span class='ocrx_word' id='word_1_252' title='bbox 467 3611 631 3673; x_wconf 81' lang='lat' dir='ltr'><strong>nequeenim</strong></span> <span class='ocrx_word' id='word_1_253' title='bbox 643 3612 709 3662; x_wconf 81' lang='lat' dir='ltr'><strong>certi</strong></span> <span class='ocrx_word' id='word_1_254' title='bbox 721 3612 784 3678; x_wconf 86' lang='lat' dir='ltr'><strong>quid</strong></span> <span class='ocrx_word' id='word_1_255' title='bbox 825 3615 851 3663; x_wconf 89' lang='lat' dir='ltr'><strong>io</strong></span> <span class='ocrx_word' id='word_1_256' title='bbox 869 3615 1003 3681; x_wconf 77' lang='lat' dir='ltr'><strong>Adelphii,</strong></span> <span class='ocrx_word' id='word_1_257' title='bbox 1017 3618 1071 3674; x_wconf 84' lang='lat' dir='ltr'><strong>obi,</strong></span> <span class='ocrx_word' id='word_1_258' title='bbox 1089 3618 1156 3668; x_wconf 85' lang='lat' dir='ltr'><strong>‘aon</strong></span> <span class='ocrx_word' id='word_1_259' title='bbox 1168 3633 1210 3669; x_wconf 87' lang='lat' dir='ltr'><strong>ruo</strong></span> <span class='ocrx_word' id='word_1_260' title='bbox 1220 3621 1354 3674; x_wconf 82' lang='lat' dir='ltr'><strong>indicente</strong></span> 
     </span>
     <span class='ocr_line' id='line_1_34' title="bbox 254 3685 1353 3758; baseline 0.011 -22"><span class='ocrx_word' id='word_1_261' title='bbox 254 3685 423 3737; x_wconf 79' lang='lat' dir='ltr'><strong>domiafferri</strong></span> <span class='ocrx_word' id='word_1_262' title='bbox 435 3692 530 3750; x_wconf 80' lang='lat' dir='ltr'><strong>potori.</strong></span> <span class='ocrx_word' id='word_1_263' title='bbox 824 3689 879 3738; x_wconf 74' lang='lat' dir='ltr'><strong>lieo</strong></span> <span class='ocrx_word' id='word_1_264' title='bbox 898 3689 982 3740; x_wconf 67' lang='lat' dir='ltr'><strong>fiunt!</strong></span> <span class='ocrx_word' id='word_1_265' title='bbox 1015 3691 1066 3741; x_wconf 85' lang='lat' dir='ltr'><strong>Sed</strong></span> <span class='ocrx_word' id='word_1_266' title='bbox 1088 3707 1138 3742; x_wconf 84' lang='lat' dir='ltr'><strong>uec</strong></span> <span class='ocrx_word' id='word_1_267' title='bbox 1156 3697 1353 3758; x_wconf 69' lang='lat' dir='ltr'><strong>astipulatorem</strong></span> 
     </span>
    </p>

    <p class='ocr_par' dir='ltr' id='par_1_13' title="bbox 250 3763 1354 4286">
     <span class='ocr_line' id='line_1_35' title="bbox 286 3763 1354 3838; baseline 0.011 -27"><span class='ocrx_word' id='word_1_268' title='bbox 286 3763 299 3798; x_wconf 68' lang='grc' dir='ltr'>δ</span> <span class='ocrx_word' id='word_1_269' title='bbox 311 3764 364 3820; x_wconf 76' lang='lat' dir='ltr'><strong>Qec</strong></span> <span class='ocrx_word' id='word_1_270' title='bbox 374 3763 399 3812; x_wconf 87' lang='lat' dir='ltr'><strong>id</strong></span> <span class='ocrx_word' id='word_1_271' title='bbox 409 3764 556 3813; x_wconf 69' lang='lat' dir='ltr'><strong>mincio</strong></span> <span class='ocrx_word' id='word_1_272' title='bbox 565 3765 738 3829; x_wconf 69' lang='lat' dir='ltr'><strong>perennant]</strong></span> <span class='ocrx_word' id='word_1_273' title='bbox 750 3766 783 3816; x_wconf 86' lang='lat' dir='ltr'><strong>Io</strong></span> <span class='ocrx_word' id='word_1_274' title='bbox 823 3763 903 3814; x_wconf 85' lang='lat' dir='ltr'><strong>habet</strong></span> <span class='ocrx_word' id='word_1_275' title='bbox 922 3765 1037 3816; x_wconf 84' lang='lat' dir='ltr'><strong>codicem</strong></span> <span class='ocrx_word' id='word_1_276' title='bbox 1055 3769 1144 3832; x_wconf 88' lang='lat' dir='ltr'><strong>olium,</strong></span> <span class='ocrx_word' id='word_1_277' title='bbox 1163 3783 1211 3820; x_wconf 83' lang='lat' dir='ltr'><strong>aec</strong></span> <span class='ocrx_word' id='word_1_278' title='bbox 1230 3773 1354 3838; x_wconf 80' lang='lat' dir='ltr'><strong>quiequid</strong></span> 
     </span>
     <span class='ocr_line' id='line_1_36' title="bbox 254 3838 1353 3914; baseline 0.008 -24"><span class='ocrx_word' id='word_1_279' title='bbox 254 3838 330 3890; x_wconf 83' lang='lat' dir='ltr'><strong>coro.</strong></span> <span class='ocrx_word' id='word_1_280' title='bbox 345 3839 469 3900; x_wconf 78' lang='lat' dir='ltr'><strong>accipiam</strong></span> <span class='ocrx_word' id='word_1_281' title='bbox 481 3846 531 3900; x_wconf 82' lang='lat' dir='ltr'><strong>eat,</strong></span> <span class='ocrx_word' id='word_1_282' title='bbox 543 3855 588 3902; x_wconf 75' lang='lat' dir='ltr'><strong>qao</strong></span> <span class='ocrx_word' id='word_1_283' title='bbox 599 3838 784 3890; x_wconf 67' lang='lat' dir='ltr'><strong>incenderetur</strong></span> <span class='ocrx_word' id='word_1_284' title='bbox 824 3842 903 3890; x_wconf 81' lang='lat' dir='ltr'><strong>romei</strong></span> <span class='ocrx_word' id='word_1_285' title='bbox 922 3849 968 3890; x_wconf 89' lang='lat' dir='ltr'><strong>aut</strong></span> <span class='ocrx_word' id='word_1_286' title='bbox 986 3841 1081 3892; x_wconf 78' lang='lat' dir='ltr'><strong>lteram</strong></span> <span class='ocrx_word' id='word_1_287' title='bbox 1093 3844 1126 3892; x_wconf 86' lang='lat' dir='ltr'><strong>ab</strong></span> <span class='ocrx_word' id='word_1_288' title='bbox 1141 3853 1249 3895; x_wconf 84' lang='lat' dir='ltr'><strong>auctore</strong></span> <span class='ocrx_word' id='word_1_289' title='bbox 1269 3848 1353 3914; x_wconf 80' lang='lat' dir='ltr'><strong>aliquo</strong></span> 
     </span>
     <span class='ocr_line' id='line_1_37' title="bbox 250 3914 1352 3980; baseline 0.011 -17"><span class='ocrx_word' id='word_1_290' title='bbox 250 3919 413 3978; x_wconf 72' lang='lat' dir='ltr'><strong>pcreeoeroect</strong></span> <span class='ocrx_word' id='word_1_291' title='bbox 419 3930 429 3974; x_wconf 88' lang='lat'><strong>,·</strong></span> <span class='ocrx_word' id='word_1_292' title='bbox 447 3921 474 3963; x_wconf 86' lang='lat' dir='ltr'><strong>et</strong></span> <span class='ocrx_word' id='word_1_293' title='bbox 485 3914 528 3963; x_wconf 80' lang='lat' dir='ltr'><strong>vix</strong></span> <span class='ocrx_word' id='word_1_294' title='bbox 539 3915 631 3964; x_wconf 88' lang='lat' dir='ltr'><strong>dubito</strong></span> <span class='ocrx_word' id='word_1_295' title='bbox 641 3916 702 3980; x_wconf 85' lang='lat' dir='ltr'><strong>quio</strong></span> <span class='ocrx_word' id='word_1_296' title='bbox 713 3917 783 3966; x_wconf 77' lang='lat' dir='ltr'><strong>liuc-</strong></span> <span class='ocrx_word' id='word_1_297' title='bbox 823 3925 976 3980; x_wconf 79' lang='lat' dir='ltr'><strong>uaurpatam</strong></span> <span class='ocrx_word' id='word_1_298' title='bbox 987 3916 1076 3974; x_wconf 80' lang='lat' dir='ltr'><strong>ilrerit.</strong></span> <span class='ocrx_word' id='word_1_299' title='bbox 1087 3921 1176 3970; x_wconf 81' lang='lat' dir='ltr'><strong>atatim</strong></span> <span class='ocrx_word' id='word_1_300' title='bbox 1193 3924 1252 3973; x_wconf 80' lang='lat' dir='ltr'><strong>aliie</strong></span> <span class='ocrx_word' id='word_1_301' title='bbox 1264 3933 1352 3975; x_wconf 85' lang='lat' dir='ltr'><strong>aucto·</strong></span> 
     </span>
     <span class='ocr_line' id='line_1_38' title="bbox 254 3991 1352 4060; baseline 0.01 -20"><span class='ocrx_word' id='word_1_302' title='bbox 254 3999 296 4040; x_wconf 88' lang='lat' dir='ltr'><strong>tor</strong></span> <span class='ocrx_word' id='word_1_303' title='bbox 316 3991 460 4054; x_wconf 70' lang='lat' dir='ltr'><strong>scripserit,</strong></span> <span class='ocrx_word' id='word_1_304' title='bbox 478 4005 524 4054; x_wconf 70' lang='lat' dir='ltr'><strong>ccc</strong></span> <span class='ocrx_word' id='word_1_305' title='bbox 542 3993 570 4041; x_wconf 79' lang='lat' dir='ltr'><strong>ia</strong></span> <span class='ocrx_word' id='word_1_306' title='bbox 590 3993 617 4043; x_wconf 81' lang='lat' dir='ltr'><strong>id</strong></span> <span class='ocrx_word' id='word_1_307' title='bbox 634 3994 783 4044; x_wconf 62' lang='lat' dir='ltr'><strong>monim</strong></span> <span class='ocrx_word' id='word_1_308' title='bbox 823 3991 893 4042; x_wconf 81' lang='lat' dir='ltr'><strong>cibor</strong></span> <span class='ocrx_word' id='word_1_309' title='bbox 911 3991 1101 4056; x_wconf 69' lang='lat' dir='ltr'><strong>affingeudom:</strong></span> <span class='ocrx_word' id='word_1_310' title='bbox 1125 4009 1186 4045; x_wconf 84' lang='lat' dir='ltr'><strong>eom</strong></span> <span class='ocrx_word' id='word_1_311' title='bbox 1208 4000 1352 4060; x_wconf 74' lang='lat' dir='ltr'><strong>pracerum</strong></span> 
     </span>
     <span class='ocr_line' id='line_1_39' title="bbox 250 4067 1351 4132; baseline 0.012 -19"><span class='ocrx_word' id='word_1_312' title='bbox 250 4072 419 4128; x_wconf 66' lang='lat' dir='ltr'><strong>mereret</strong></span> <span class='ocrx_word' id='word_1_313' title='bbox 441 4067 781 4118; x_wconf 79' lang='lat' dir='ltr'><strong>Veromeaduaboavocu-</strong></span> <span class='ocrx_word' id='word_1_314' title='bbox 821 4069 910 4132; x_wconf 72' lang='lat' dir='ltr'><strong>negari</strong></span> <span class='ocrx_word' id='word_1_315' title='bbox 934 4083 985 4118; x_wconf 87' lang='lat' dir='ltr'><strong>uorr</strong></span> <span class='ocrx_word' id='word_1_316' title='bbox 1008 4072 1098 4132; x_wconf 69' lang='lat' dir='ltr'><strong>poscit,</strong></span> <span class='ocrx_word' id='word_1_317' title='bbox 1115 4073 1275 4125; x_wconf 79' lang='lat' dir='ltr'><strong>rariaelmam</strong></span> <span class='ocrx_word' id='word_1_318' title='bbox 1295 4091 1351 4125; x_wconf 80' lang='lat' dir='ltr'><strong>erre</strong></span> 
     </span>
     <span class='ocr_line' id='line_1_40' title="bbox 253 4140 1350 4210; baseline 0.013 -21"><span class='ocrx_word' id='word_1_319' title='bbox 253 4141 285 4189; x_wconf 87' lang='lat' dir='ltr'><strong>lla</strong></span> <span class='ocrx_word' id='word_1_320' title='bbox 294 4141 322 4189; x_wconf 81' lang='lat' dir='ltr'><strong>ia</strong></span> <span class='ocrx_word' id='word_1_321' title='bbox 336 4149 364 4190; x_wconf 84' lang='lat' dir='ltr'><strong>et</strong></span> <span class='ocrx_word' id='word_1_322' title='bbox 378 4142 406 4189; x_wconf 78' lang='lat' dir='ltr'><strong>id</strong></span> <span class='ocrx_word' id='word_1_323' title='bbox 422 4140 587 4193; x_wconf 84' lang='lat' dir='ltr'><strong>librariorum</strong></span> <span class='ocrx_word' id='word_1_324' title='bbox 601 4145 645 4192; x_wconf 87' lang='lat' dir='ltr'><strong>alii</strong></span> <span class='ocrx_word' id='word_1_325' title='bbox 657 4145 781 4206; x_wconf 81' lang='lat' dir='ltr'><strong>priorem,</strong></span> <span class='ocrx_word' id='word_1_326' title='bbox 820 4144 887 4195; x_wconf 87' lang='lat' dir='ltr'><strong>lraoe</strong></span> <span class='ocrx_word' id='word_1_327' title='bbox 901 4145 1022 4209; x_wconf 83' lang='lat' dir='ltr'><strong>loquendi</strong></span> <span class='ocrx_word' id='word_1_328' title='bbox 1035 4145 1153 4210; x_wconf 84' lang='lat' dir='ltr'><strong>formam,</strong></span> <span class='ocrx_word' id='word_1_329' title='bbox 1172 4157 1201 4200; x_wconf 90' lang='lat' dir='ltr'><strong>et</strong></span> <span class='ocrx_word' id='word_1_330' title='bbox 1217 4151 1262 4200; x_wconf 79' lang='lat' dir='ltr'><strong>vla</strong></span> <span class='ocrx_word' id='word_1_331' title='bbox 1281 4153 1350 4202; x_wconf 84' lang='lat' dir='ltr'><strong>ailad</strong></span> 
     </span>
     <span class='ocr_line' id='line_1_41' title="bbox 254 4215 1196 4286; baseline 0.011 -22"><span class='ocrx_word' id='word_1_332' title='bbox 254 4215 298 4265; x_wconf 81' lang='lat' dir='ltr'><strong>alii</strong></span> <span class='ocrx_word' id='word_1_333' title='bbox 325 4217 493 4278; x_wconf 80' lang='lat' dir='ltr'><strong>porteriorem</strong></span> <span class='ocrx_word' id='word_1_334' title='bbox 521 4218 646 4269; x_wconf 76' lang='lat' dir='ltr'><strong>omicare:</strong></span> <span class='ocrx_word' id='word_1_335' title='bbox 663 4218 715 4271; x_wconf 81' lang='lat' dir='ltr'><strong>etri</strong></span> <span class='ocrx_word' id='word_1_336' title='bbox 730 4219 779 4268; x_wconf 82' lang='lat' dir='ltr'><strong>‘id</strong></span> <span class='ocrx_word' id='word_1_337' title='bbox 820 4221 876 4284; x_wconf 84' lang='lat' dir='ltr'><strong>ojur</strong></span> <span class='ocrx_word' id='word_1_338' title='bbox 888 4224 1036 4286; x_wconf 78' lang='lat' dir='ltr'><strong>exemplum</strong></span> <span class='ocrx_word' id='word_1_339' title='bbox 1048 4235 1196 4275; x_wconf 81' lang='lat' dir='ltr'><strong>occurrere.</strong></span> 
     </span>
    </p>
   </div>
   <div class='ocr_carea' id='block_1_10' title="bbox 0 0 1464 4767">
    <p class='ocr_par' dir='ltr' id='par_1_14' title="bbox 0 0 1464 4767">
     <span class='ocr_line' id='line_1_42' title="bbox 0 0 1464 4767; baseline 0 6"><span class='ocrx_word' id='word_1_340' title='bbox 0 0 1464 4767; x_wconf 95' lang='lat' dir='ltr'><strong> </strong></span> 
     </span>
    </p>
   </div>
  </div>
 </body>
</html>
