2917 4767
694 338 731 389 Τ.
754 338 848 389 lalVll

263 487 266 492 ⁴
377 482 476 544 lovere
487 480 835 561 dictitebent'originem
855 500 938 541 suem
957 486 990 541 et
1008 480 1064 562 ipsi
1082 478 1120 541 sd
1138 478 1270 543 AEnenm
1297 498 1349 541 ex

376 578 507 657 'l'rojeuo
519 577 654 638 incendio
666 576 824 657 profugum
837 576 1003 638 relerentes.
1033 575 1247 657 Neqnemulto
1263 586 1350 659 post

241 684 250 733 i
380 673 511 735 Alienoei
524 673 670 733 nomm
681 680 885 734 ecmsserunt:
905 671 944 733 ed
966 671 1108 733 Hilnrum
1123 693 1205 745 vero,
1225 674 1349 754 Tyris·
1457 696 1458 765 j

379 779 453 840 erm,
466 778 498 830 et
509 768 665 839 Ascclunr,
677 768 707 829 vi
718 778 751 829 et
761 768 989 849 mechinisopus
1001 768 1076 829 fuit:
1096 788 1190 849 eoque
1198 770 1350 830 severine

378 865 513 927 invictos
524 864 697 926 consrrltnm.
740 865 812 931 Quo
833 872 941 925 terrore
961 864 1156 945 Meneni
1179 865 1350 945 proximos

378 981 410 1021 se
424 961 565 1042 periculo,
577 968 611 1020 et
621 959 736 1021 euxilie
746 959 833 1039 longe
845 978 908 1021 esse
920 970 1080 1032 cernentes,
1097 980 1166 1021 cum
1184 960 1240 1041 ipsi
1251 980 1347 1039 quo-

379 1075 437 1136 que
460 1056 499 1117 de
516 1054 662 1116 tredende
687 1054 833 1116 Romanis
852 1054 925 1118 rirbe
946 1057 1156 1126 comitarent,
1180 1075 1200 1116 n
1224 1055 1348 1116 Poenis

379 1151 519 1232 prohibiti
530 1159 617 1211 sunt:
638 1170 706 1211 nem
725 1150 770 1211 illi
790 1171 830 1212 ex
850 1152 938 1211 mbus
957 1152 1029 1232 ipsis
1048 1153 1220 1231 conjecturs
1241 1160 1345 1234 cepta

379 1246 452 1326 quid
464 1256 609 1325 speretur,
629 1247 770 1327 primores
785 1246 913 1308 civitetis
930 1246 1065 1307 obsidum
1085 1248 1152 1307 loco
1165 1246 1344 1327 Lilyboeurn

381 1351 562 1403 evexerunt·
583 1342 675 1401 etiem
692 1340 851 1414 frumento,
875 1342 958 1413 vino,
988 1350 1211 1422 ceterorumque
1235 1360 1343 1401 rernm

381 1438 723 1517 mmmm

221 1553 373 1672 pponam
423 1538 475 1595 47
497 1530 560 1593 His
578 1532 759 1613 temporibus
777 1532 901 1593 Otecilii
922 1532 1023 1593 Ormi
1047 1529 1176 1593 consulis
1196 1531 1280 1592 utilis
1306 1540 1344 1591 et

383 1628 558 1689 conueniens
579 1626 726 1687 Romenoe
738 1626 901 1706 discipline
914 1628 1055 1689 severitas
1067 1626 1141 1687 luit:
1162 1648 1213 1708 qm
1204 1626 1342 1687 milites

383 1724 424 1785 eb
438 1722 614 1785 Hannibale
626 1724 705 1803 turpi
721 1732 811 1803 pecto
823 1722 1033 1785 incolumitatis
1043 1725 1128 1784 sub
1113 1742 1219 1803 Jugum
1232 1724 1342 1783 missos

384 1828 471 1880 extre
482 1818 596 1880 vellum
607 1818 726 1880 tendere
734 1820 835 1899 jussit,
849 1828 882 1879 ut
901 1818 1028 1880 hostium
1049 1817 1260 1879 incursionibus
1280 1838 1339 1878 ex·

384 1915 483 1996 positi,
496 1935 591 1995 neque
604 1914 678 1975 elibi
687 1934 778 1995 qoem
791 1916 820 1976 in
832 1916 939 1975 virente
960 1934 1042 1995 spem
1062 1916 1214 1985 hebentes,
1227 1914 1339 1981 conlit-

385 2019 534 2071 merentur
547 2010 663 2081 enimis,
685 2010 832 2090 armisque
849 2010 1049 2092 potiusquam
1062 2010 1130 2071 loco
1141 2030 1174 2070 se
1187 2010 1262 2069 trieri
1275 2010 1340 2069 dis·

319 2157 322 2161 Δ
385 2114 495 2166 cerent.
537 2104 616 2165 Post
628 2104 731 2165 hmcet
743 2104 803 2165 elio
815 2126 873 2166 non
886 2106 1004 2184 mejcris
1015 2106 1153 2165 momenti
1161 2112 1254 2183 gestu,
1268 2124 1340 2165 cnm

302 2250 309 2267 .
386 2202 490 2280 hyems
507 2199 680 2270 immineret,
694 2200 835 2279 presidiis
848 2222 900 2282 per
917 2210 1079 2282 opportune
1093 2200 1161 2261 loce
1177 2200 1339 2281 dispositis,

386 2295 532 2364 consules,
552 2294 666 2373 reliquo
682 2296 815 2355 exercitu
836 2298 865 2355 in
889 2296 1012 2357 Iteliem
1033 2306 1190 2377 reportato,
1204 2294 1340 2356 Romam

389 2388 561 2464 redierunt,
588 2390 638 2449 Ibi
652 2390 711 2450 Μ’.
724 2389 860 2461 Velerio,
871 2394 956 2471 cujus
968 2412 1004 2452 eo
1015 2391 1098 2452 bello
1110 2390 1225 2451 felicior
1236 2401 1269 2452 et
1281 2394 1340 2450 uti-

390 2484 446 2545 lior
470 2505 561 2566 opere
579 2486 685 2556 lueret,
706 2485 869 2566 triumphus
886 2487 1040 2547 decretus:
1061 2506 1148 2567 quem
1169 2497 1239 2548 ente
1260 2486 1341 2546 diem

230 2602 380 2668 memo,
392 2596 467 2642 xvi.
490 2580 645 2641 Kelendes
657 2579 781 2660 Apriles
793 2580 830 2641 de
844 2580 947 2642 Poenis
959 2592 990 2643 et
999 2602 1067 2663 rege
1080 2581 1245 2643 Siculorum
1260 2582 1342 2643 Hie·

246 2698 322 2748 veno
338 2696 461 2762 „sone
474 2675 569 2735 duxit.
611 2676 847 2735 Pretervectum
869 2676 944 2736 inter
959 2678 1054 2758 spolie
1074 2677 1256 2755 horologium
1278 2696 1342 2737 esse

229 2762 294 2877 {olm
316 2779 365 2812 vu.
393 2772 460 2833 ideo
472 2779 644 2832 cunctotum
655 2778 710 2840 est,
719 2769 791 2849 quie
801 2790 845 2831 res
858 2770 897 2831 ed
909 2792 976 2831 eem
988 2772 1069 2849 diem
1081 2772 1263 2853 incomperta
1277 2772 1344 2831 Ro-

264 2861 272 2877 ⁹
391 2866 574 2935 metueret:
596 2866 628 2925 id
641 2865 752 2925 Cetius
765 2874 883 2947 recepte
895 2864 1093 2946 deportemm,
1103 2865 1209 2927 deinde
1222 2869 1252 2926 in
1266 2869 1344 2947 pule·

394 2961 451 3023 lico
460 2962 620 3023 secundum
633 2960 746 3021 Rostro
758 2962 788 3022 iu
802 2961 941 3021 columne
954 2960 1094 3022 Valerius
1104 2962 1216 3022 statuit.
1239 2962 1344 3023 Idem·

263 3088 268 3098 ·
319 3104 384 3138 xxv.
394 3078 453 3138 qne
464 3058 608 3128 tebulem,
621 3058 651 3119 in
666 3078 727 3137 qus
739 3055 870 3137 prrelinm
884 3077 943 3137 quo
956 3057 1067 3119 Pence
1080 3065 1111 3117 et
1121 3056 1288 3117 Hieronem
1298 3058 1344 3117 vi·

393 3163 477 3215 ceret
487 3154 636 3234 depictum
648 3152 716 3224 fuit,
738 3152 768 3211 in
789 3152 881 3213 letere
901 3154 990 3213 curiae
1011 3150 1153 3213 Hostilise
1174 3155 1344 3233 proposuit:

396 3248 476 3329 quod
493 3258 563 3308 ente
579 3266 647 3308 eum
668 3246 740 3307 lecit
763 3266 859 3318 nemo,
888 3258 990 3329 poster
1008 3248 1150 3329 plerique.
1193 3248 1346 3311 Messsllae

397 3362 560 3421 cognomen
580 3344 651 3402 lruic
669 3341 795 3403 Velerio
815 3345 854 3403 eb
867 3345 938 3404 urbo
961 3344 1102 3405 Messene
1119 3344 1243 3404 inditum
1255 3344 1346 3405 fuisse

233 3458 387 3509 &mesm-
397 3446 530 3499 constet:
543 3439 597 3498 sed
609 3438 707 3510 miror,
716 3438 756 3498 eb
768 3459 806 3499 ee
817 3448 906 3522 cepte
917 3440 1046 3512 haime,
1057 3460 1114 3501 non
1126 3442 1347 3501 contemnendis

235 3526 278 3638 ul*
289 3525 388 3637 {³5¹2-
379 3533 676 3594 ·euctoribnscredi·
696 3554 764 3595 cum
779 3536 875 3615 potius
888 3534 975 3595 ideo'
967 3538 1155 3617 impositum
1147 3538 1349 3617 rpsaeresevi·

235 3654 301 3701 cmo
320 3652 364 3701 s.
399 3626 503 3690 deuter
515 3637 649 3709 urguent,
662 3630 742 3710 quod
758 3630 925 3691 Messanam
940 3652 959 3691 o
979 3632 1083 3692 Poenis
1094 3641 1125 3691 et
1139 3630 1274 3693 Hierone
1287 3630 1348 3693 dis·

233 3723 318 3765 ΨΜ
322 3720 365 3767 ··⁰
398 3744 483 3787 cessu
500 3725 597 3807 Appii
609 3725 730 3786 Clendii
744 3727 839 3787 scrius
852 3726 1030 3798 infestatam,
1044 3726 1275 3799 illissummotis,
1290 3727 1348 3789 hoc

399 3819 602 3892 reconciliem,
613 3822 775 3883 liberesset.

439 3924 492 3979 48.
512 3916 597 3979 Inter
613 3918 678 3978 lrrsc
695 3937 764 3979 cum
786 3916 883 3978 edlruc
906 3916 1073 3998 pestilentie
1093 3925 1215 3979 vexaret
1233 3918 1347 3988 urbem,

237 4012 573 4107 tuncepicdlfflwfflm
593 4013 672 4074 cleri
689 4012 798 4091 ligendi
819 4034 909 4074 oeuse
933 4013 994 4073 dici
1013 4010 1135 4094 plecuit.
1177 4010 1286 4074 Dictus
1305 4022 1352 4072 est

403 4106 460 4167 On.
484 4108 606 4169 Fuluius
626 4110 684 4171 Cn.
707 4108 745 4171 F.
765 4108 822 4169 Gn.
843 4108 888 4169 N.
924 4109 1076 4170 Maximus
1094 4107 1304 4171 Contumelus:
1326 4110 1351 4168 is
