<?xml version="1.0" encoding="UTF-8"?>
<!DOCTYPE html PUBLIC "-//W3C//DTD XHTML 1.0 Transitional//EN"
    "http://www.w3.org/TR/xhtml1/DTD/xhtml1-transitional.dtd">
<html xmlns="http://www.w3.org/1999/xhtml" xml:lang="en" lang="en">
 <head>
  <title>
</title>
<meta http-equiv="Content-Type" content="text/html;charset=utf-8" />
  <meta name='ocr-system' content='tesseract 3.04.00' />
  <meta name='ocr-capabilities' content='ocr_page ocr_carea ocr_par ocr_line ocrx_word'/>
</head>
<body>
  <div class='ocr_page' id='page_1' title='image "./tliviipatavinih00unkngoog/tliviipatavinih00unkngoog_0536.png"; bbox 0 0 2917 4767; ppageno 0'>
   <div class='ocr_carea' id='block_1_1' title="bbox 264 357 881 426">
    <p class='ocr_par' dir='ltr' id='par_1_1' title="bbox 264 302 1447 439">
     <span class='ocr_line' id='line_1_1' title="bbox 264 357 881 426; baseline -0.008 -2"><span class='ocrx_word' id='word_1_1' title='bbox 264 357 348 426; x_wconf 73' lang='lat'><strong>1914</strong></span> <span class='ocrx_word' id='word_1_2' title='bbox 729 372 762 418; x_wconf 80' lang='lat' dir='ltr'><strong>r.</strong></span> <span class='ocrx_word' id='word_1_3' title='bbox 788 371 881 419; x_wconf 79' lang='lat' dir='ltr'><strong>nrvrt</strong></span> 
     </span>
    </p>
   </div>
   <div class='ocr_carea' id='block_1_2' title="bbox 261 513 1361 599">
    <p class='ocr_par' dir='ltr' id='par_1_2' title="bbox 261 442 1447 617">
     <span class='ocr_line' id='line_1_2' title="bbox 261 513 1361 599; baseline -0.003 -15"><span class='ocrx_word' id='word_1_4' title='bbox 261 525 313 584; x_wconf 85' lang='lat' dir='ltr'><strong>ter</strong></span> <span class='ocrx_word' id='word_1_5' title='bbox 326 517 493 581; x_wconf 80' lang='lat' dir='ltr'><strong>cernebat·</strong></span> <span class='ocrx_word' id='word_1_6' title='bbox 536 513 703 592; x_wconf 84' lang='lat' dir='ltr'><strong>Ceterum,</strong></span> <span class='ocrx_word' id='word_1_7' title='bbox 726 535 802 580; x_wconf 91' lang='lat' dir='ltr'><strong>cum</strong></span> <span class='ocrx_word' id='word_1_8' title='bbox 820 523 881 579; x_wconf 84' lang='lat' dir='ltr'><strong>aut</strong></span> <span class='ocrx_word' id='word_1_9' title='bbox 901 534 1003 599; x_wconf 76' lang='lat' dir='ltr'><strong>poena</strong></span> <span class='ocrx_word' id='word_1_10' title='bbox 1024 513 1236 580; x_wconf 86' lang='lat' dir='ltr'><strong>cohibendus</strong></span> <span class='ocrx_word' id='word_1_11' title='bbox 1254 521 1361 590; x_wconf 65' lang='lat' dir='ltr'><strong>asset,</strong></span> 
     </span>
    </p>
   </div>
   <div class='ocr_carea' id='block_1_3' title="bbox 260 615 1447 700">
    <p class='ocr_par' dir='ltr' id='par_1_3' title="bbox 260 615 1447 700">
     <span class='ocr_line' id='line_1_3' title="bbox 260 615 1447 700; baseline -0.004 -16"><span class='ocrx_word' id='word_1_12' title='bbox 260 626 319 684; x_wconf 86' lang='lat' dir='ltr'><strong>aut</strong></span> <span class='ocrx_word' id='word_1_13' title='bbox 348 617 510 682; x_wconf 83' lang='lat' dir='ltr'><strong>beneficio</strong></span> <span class='ocrx_word' id='word_1_14' title='bbox 537 617 781 691; x_wconf 85' lang='lat' dir='ltr'><strong>conciliandus,</strong></span> <span class='ocrx_word' id='word_1_15' title='bbox 805 617 871 680; x_wconf 87' lang='lat' dir='ltr'><strong>sibi</strong></span> <span class='ocrx_word' id='word_1_16' title='bbox 898 617 1111 694; x_wconf 84' lang='lat' dir='ltr'><strong>assumsisse,</strong></span> <span class='ocrx_word' id='word_1_17' title='bbox 1134 635 1238 700; x_wconf 86' lang='lat' dir='ltr'><strong>quam</strong></span> <span class='ocrx_word' id='word_1_18' title='bbox 1261 615 1361 680; x_wconf 86' lang='lat' dir='ltr'><strong>boeti</strong></span> <span class='ocrx_word' id='word_1_19' title='bbox 1446 622 1447 651; x_wconf 64' lang='lat'>¹</span> 
     </span>
    </p>
   </div>
   <div class='ocr_carea' id='block_1_4' title="bbox 260 688 1449 799">
    <p class='ocr_par' dir='ltr' id='par_1_4' title="bbox 260 688 1449 799">
     <span class='ocr_line' id='line_1_4' title="bbox 260 688 1449 799; baseline -0.004 -14"><span class='ocrx_word' id='word_1_20' title='bbox 260 721 440 796; x_wconf 73' lang='lat' dir='ltr'>ademisse,</span> <span class='ocrx_word' id='word_1_21' title='bbox 460 719 579 784; x_wconf 86' lang='lat' dir='ltr'><strong>fortem</strong></span> <span class='ocrx_word' id='word_1_22' title='bbox 600 737 644 784; x_wconf 84' lang='lat' dir='ltr'><strong>ac</strong></span> <span class='ocrx_word' id='word_1_23' title='bbox 667 724 836 783; x_wconf 86' lang='lat' dir='ltr'><strong>strenuum</strong></span> <span class='ocrx_word' id='word_1_24' title='bbox 850 719 968 782; x_wconf 85' lang='lat' dir='ltr'><strong>maluit</strong></span> <span class='ocrx_word' id='word_1_25' title='bbox 984 719 1125 794; x_wconf 87' lang='lat' dir='ltr'><strong>socium,</strong></span> <span class='ocrx_word' id='word_1_26' title='bbox 1138 719 1362 799; x_wconf 73' lang='lat' dir='ltr'><strong>accitumque</strong></span> <span class='ocrx_word' id='word_1_27' title='bbox 1447 688 1449 753; x_wconf 56' lang='lat' dir='ltr'><strong>i</strong></span> 
     </span>
    </p>
   </div>
   <div class='ocr_carea' id='block_1_5' title="bbox 258 819 1449 1410">
    <p class='ocr_par' dir='ltr' id='par_1_5' title="bbox 258 819 1448 1208">
     <span class='ocr_line' id='line_1_5' title="bbox 260 819 1448 904; baseline -0.003 -18"><span class='ocrx_word' id='word_1_28' title='bbox 260 821 357 886; x_wconf 85' lang='lat' dir='ltr'><strong>adse</strong></span> <span class='ocrx_word' id='word_1_29' title='bbox 378 820 517 902; x_wconf 68' lang='lat' dir='ltr'><strong>benigm</strong></span> <span class='ocrx_word' id='word_1_30' title='bbox 539 820 709 904; x_wconf 80' lang='lat' dir='ltr'><strong>appellat:</strong></span> <span class='ocrx_word' id='word_1_31' title='bbox 734 819 889 884; x_wconf 86' lang='lat' dir='ltr'><strong>‘Multos</strong></span> <span class='ocrx_word' id='word_1_32' title='bbox 902 839 980 884; x_wconf 86' lang='lat' dir='ltr'><strong>euru</strong></span> <span class='ocrx_word' id='word_1_33' title='bbox 995 819 1129 885; x_wconf 86' lang='lat' dir='ltr'><strong>invidos</strong></span> <span class='ocrx_word' id='word_1_34' title='bbox 1143 820 1230 884; x_wconf 87' lang='lat' dir='ltr'><strong>inter</strong></span> <span class='ocrx_word' id='word_1_35' title='bbox 1244 837 1362 901; x_wconf 90' lang='lat' dir='ltr'><strong>popu·</strong></span> <span class='ocrx_word' id='word_1_36' title='bbox 1447 832 1448 855; x_wconf 65' lang='lat'>¹</span> 
     </span>
     <span class='ocr_line' id='line_1_6' title="bbox 258 921 1361 1006; baseline -0.005 -18"><span class='ocrx_word' id='word_1_37' title='bbox 258 923 347 989; x_wconf 84' lang='lat' dir='ltr'><strong>lares</strong></span> <span class='ocrx_word' id='word_1_38' title='bbox 362 922 492 1000; x_wconf 82' lang='lat' dir='ltr'><strong>hebere,</strong></span> <span class='ocrx_word' id='word_1_39' title='bbox 508 921 586 986; x_wconf 85' lang='lat' dir='ltr'><strong>inde</strong></span> <span class='ocrx_word' id='word_1_40' title='bbox 607 922 802 987; x_wconf 87' lang='lat' dir='ltr'><strong>existimatu</strong></span> <span class='ocrx_word' id='word_1_41' title='bbox 819 922 921 986; x_wconf 78' lang='lat' dir='ltr'><strong>facile</strong></span> <span class='ocrx_word' id='word_1_42' title='bbox 943 941 1033 1000; x_wconf 81' lang='lat' dir='ltr'><strong>esse,</strong></span> <span class='ocrx_word' id='word_1_43' title='bbox 1049 921 1139 1006; x_wconf 84' lang='lat' dir='ltr'><strong>quod</strong></span> <span class='ocrx_word' id='word_1_44' title='bbox 1153 939 1252 984; x_wconf 87' lang='lat' dir='ltr'><strong>nemo</strong></span> <span class='ocrx_word' id='word_1_45' title='bbox 1265 921 1361 983; x_wconf 85' lang='lat' dir='ltr'><strong>civis</strong></span> 
     </span>
     <span class='ocr_line' id='line_1_7' title="bbox 259 1012 1448 1108; baseline -0.003 -20"><span class='ocrx_word' id='word_1_46' title='bbox 259 1022 835 1106; x_wconf 85' lang='lat' dir='ltr'><strong>Nolanussibiindicaverit,quam</strong></span> <span class='ocrx_word' id='word_1_47' title='bbox 849 1024 1044 1108; x_wconf 86' lang='lat' dir='ltr'><strong>multaejus</strong></span> <span class='ocrx_word' id='word_1_48' title='bbox 1058 1021 1362 1104; x_wconf 73' lang='lat' dir='ltr'><strong>egregiosaciuora</strong></span> <span class='ocrx_word' id='word_1_49' title='bbox 1447 1012 1448 1037; x_wconf 59' lang='lat'><em>*</em></span> 
     </span>
     <span class='ocr_line' id='line_1_8' title="bbox 259 1123 1359 1208; baseline -0.004 -18"><span class='ocrx_word' id='word_1_50' title='bbox 259 1125 419 1192; x_wconf 84' lang='lat' dir='ltr'><strong>militaria</strong></span> <span class='ocrx_word' id='word_1_51' title='bbox 433 1131 555 1190; x_wconf 88' lang='lat' dir='ltr'><strong>essent.</strong></span> <span class='ocrx_word' id='word_1_52' title='bbox 597 1123 676 1202; x_wconf 85' lang='lat' dir='ltr'><strong>Sed,</strong></span> <span class='ocrx_word' id='word_1_53' title='bbox 697 1125 810 1208; x_wconf 90' lang='lat' dir='ltr'><strong>quiin</strong></span> <span class='ocrx_word' id='word_1_54' title='bbox 832 1125 999 1189; x_wconf 86' lang='lat' dir='ltr'><strong>Romanis</strong></span> <span class='ocrx_word' id='word_1_55' title='bbox 1011 1125 1205 1188; x_wconf 84' lang='lat' dir='ltr'><strong>militaverit</strong></span> <span class='ocrx_word' id='word_1_56' title='bbox 1220 1123 1359 1199; x_wconf 78' lang='lat' dir='ltr'><strong>caenis,</strong></span> 
     </span>
    </p>

    <p class='ocr_par' dir='ltr' id='par_1_6' title="bbox 258 1223 1449 1421">
     <span class='ocr_line' id='line_1_9' title="bbox 258 1223 1449 1310; baseline 0.001 -18"><span class='ocrx_word' id='word_1_57' title='bbox 258 1247 323 1292; x_wconf 92' lang='lat' dir='ltr'><strong>non</strong></span> <span class='ocrx_word' id='word_1_58' title='bbox 347 1244 449 1310; x_wconf 85' lang='lat' dir='ltr'><strong>posse</strong></span> <span class='ocrx_word' id='word_1_59' title='bbox 463 1226 641 1289; x_wconf 80' lang='lat' dir='ltr'>obscuram</span> <span class='ocrx_word' id='word_1_60' title='bbox 666 1225 740 1309; x_wconf 86' lang='lat' dir='ltr'><strong>ejus</strong></span> <span class='ocrx_word' id='word_1_61' title='bbox 755 1227 910 1290; x_wconf 82' lang='lat' dir='ltr'><strong>virtutem</strong></span> <span class='ocrx_word' id='word_1_62' title='bbox 926 1245 1013 1290; x_wconf 86' lang='lat' dir='ltr'><strong>esse.</strong></span> <span class='ocrx_word' id='word_1_63' title='bbox 1059 1224 1189 1290; x_wconf 83' lang='lat' dir='ltr'><strong>Multos</strong></span> <span class='ocrx_word' id='word_1_64' title='bbox 1202 1223 1281 1301; x_wconf 87' lang='lat' dir='ltr'><strong>sibi,</strong></span> <span class='ocrx_word' id='word_1_65' title='bbox 1296 1225 1360 1306; x_wconf 90' lang='lat' dir='ltr'><strong>qui</strong></span> <span class='ocrx_word' id='word_1_66' title='bbox 1448 1252 1449 1293; x_wconf 70' lang='lat' dir='ltr'><strong>r</strong></span> 
     </span>
     <span class='ocr_line' id='line_1_10' title="bbox 258 1325 1357 1410; baseline -0.006 -16"><span class='ocrx_word' id='word_1_67' title='bbox 258 1347 333 1394; x_wconf 89' lang='lat' dir='ltr'><strong>cum</strong></span> <span class='ocrx_word' id='word_1_68' title='bbox 351 1347 394 1392; x_wconf 87' lang='lat' dir='ltr'><strong>eo</strong></span> <span class='ocrx_word' id='word_1_69' title='bbox 415 1327 583 1409; x_wconf 86' lang='lat' dir='ltr'><strong>stipendia</strong></span> <span class='ocrx_word' id='word_1_70' title='bbox 606 1325 754 1403; x_wconf 75' lang='lat' dir='ltr'><strong>fecerint,</strong></span> <span class='ocrx_word' id='word_1_71' title='bbox 769 1328 899 1406; x_wconf 85' lang='lat' dir='ltr'><strong>referre,</strong></span> <span class='ocrx_word' id='word_1_72' title='bbox 922 1330 982 1410; x_wconf 91' lang='lat' dir='ltr'><strong>qui</strong></span> <span class='ocrx_word' id='word_1_73' title='bbox 997 1329 1047 1392; x_wconf 76' lang='lat' dir='ltr'><strong>vir</strong></span> <span class='ocrx_word' id='word_1_74' title='bbox 1064 1335 1156 1392; x_wconf 86' lang='lat' dir='ltr'><strong>esset</strong></span> <span class='ocrx_word' id='word_1_75' title='bbox 1171 1327 1241 1406; x_wconf 87' lang='lat' dir='ltr'><strong>ille,</strong></span> <span class='ocrx_word' id='word_1_76' title='bbox 1260 1345 1357 1408; x_wconf 85' lang='lat' dir='ltr'><strong>qure-</strong></span> 
     </span>
    </p>
   </div>
   <div class='ocr_carea' id='block_1_6' title="bbox 252 1425 1359 3329">
    <p class='ocr_par' dir='ltr' id='par_1_7' title="bbox 252 1425 1359 2420">
     <span class='ocr_line' id='line_1_11' title="bbox 257 1425 1359 1512; baseline -0.004 -20"><span class='ocrx_word' id='word_1_77' title='bbox 257 1447 323 1512; x_wconf 88' lang='lat' dir='ltr'><strong>que</strong></span> <span class='ocrx_word' id='word_1_78' title='bbox 342 1434 376 1493; x_wconf 87' lang='lat' dir='ltr'><strong>et</strong></span> <span class='ocrx_word' id='word_1_79' title='bbox 389 1428 522 1510; x_wconf 84' lang='lat' dir='ltr'><strong>quoties</strong></span> <span class='ocrx_word' id='word_1_80' title='bbox 537 1428 691 1512; x_wconf 87' lang='lat' dir='ltr'><strong>pericula</strong></span> <span class='ocrx_word' id='word_1_81' title='bbox 709 1448 771 1510; x_wconf 89' lang='lat' dir='ltr'><strong>pro</strong></span> <span class='ocrx_word' id='word_1_82' title='bbox 787 1429 896 1494; x_wconf 84' lang='lat' dir='ltr'><strong>salute</strong></span> <span class='ocrx_word' id='word_1_83' title='bbox 912 1447 954 1493; x_wconf 87' lang='lat' dir='ltr'><strong>ec</strong></span> <span class='ocrx_word' id='word_1_84' title='bbox 975 1429 1135 1510; x_wconf 75' lang='lat' dir='ltr'><strong>dignitate</strong></span> <span class='ocrx_word' id='word_1_85' title='bbox 1148 1426 1267 1510; x_wconf 90' lang='lat' dir='ltr'><strong>populi</strong></span> <span class='ocrx_word' id='word_1_86' title='bbox 1283 1425 1359 1488; x_wconf 89' lang='lat' dir='ltr'><strong>Ro·</strong></span> 
     </span>
     <span class='ocr_line' id='line_1_12' title="bbox 256 1529 1358 1612; baseline -0.002 -20"><span class='ocrx_word' id='word_1_87' title='bbox 256 1531 347 1594; x_wconf 88' lang='lat' dir='ltr'><strong>mani</strong></span> <span class='ocrx_word' id='word_1_88' title='bbox 371 1529 520 1593; x_wconf 86' lang='lat' dir='ltr'><strong>adisset:</strong></span> <span class='ocrx_word' id='word_1_89' title='bbox 549 1529 666 1612; x_wconf 88' lang='lat' dir='ltr'><strong>utique</strong></span> <span class='ocrx_word' id='word_1_90' title='bbox 689 1529 860 1594; x_wconf 79' lang='lat' dir='ltr'><strong>Cannensi</strong></span> <span class='ocrx_word' id='word_1_91' title='bbox 879 1529 999 1612; x_wconf 80' lang='lat' dir='ltr'><strong>proelio</strong></span> <span class='ocrx_word' id='word_1_92' title='bbox 1018 1549 1086 1594; x_wconf 93' lang='lat' dir='ltr'><strong>nou</strong></span> <span class='ocrx_word' id='word_1_93' title='bbox 1109 1529 1358 1611; x_wconf 79' lang='lat' dir='ltr'><strong>priuspuguu⁵</strong></span> 
     </span>
     <span class='ocr_line' id='line_1_13' title="bbox 257 1628 1356 1714; baseline -0.005 -20"><span class='ocrx_word' id='word_1_94' title='bbox 257 1629 437 1707; x_wconf 86' lang='lat' dir='ltr'><strong>abstiterit,</strong></span> <span class='ocrx_word' id='word_1_95' title='bbox 462 1649 563 1712; x_wconf 86' lang='lat' dir='ltr'><strong>quam</strong></span> <span class='ocrx_word' id='word_1_96' title='bbox 585 1649 690 1713; x_wconf 86' lang='lat' dir='ltr'><strong>prope</strong></span> <span class='ocrx_word' id='word_1_97' title='bbox 711 1631 893 1712; x_wconf 78' lang='lat' dir='ltr'><strong>exsanguis</strong></span> <span class='ocrx_word' id='word_1_98' title='bbox 914 1631 1009 1704; x_wconf 85' lang='lat' dir='ltr'><strong>ruina</strong></span> <span class='ocrx_word' id='word_1_99' title='bbox 1034 1628 1356 1714; x_wconf 80' lang='lat' dir='ltr'><strong>superincidentium</strong></span> 
     </span>
     <span class='ocr_line' id='line_1_14' title="bbox 256 1727 1356 1814; baseline -0.004 -20"><span class='ocrx_word' id='word_1_100' title='bbox 256 1730 412 1810; x_wconf 85' lang='lat' dir='ltr'><strong>virorum,</strong></span> <span class='ocrx_word' id='word_1_101' title='bbox 437 1749 609 1814; x_wconf 87' lang='lat' dir='ltr'><strong>equorum,</strong></span> <span class='ocrx_word' id='word_1_102' title='bbox 633 1749 866 1814; x_wconf 88' lang='lat' dir='ltr'><strong>armorumque</strong></span> <span class='ocrx_word' id='word_1_103' title='bbox 896 1729 966 1794; x_wconf 86' lang='lat' dir='ltr'><strong>sit⁶</strong></span> <span class='ocrx_word' id='word_1_104' title='bbox 995 1748 1186 1814; x_wconf 83' lang='lat' dir='ltr'><strong>oppressus.</strong></span> <span class='ocrx_word' id='word_1_105' title='bbox 1229 1727 1356 1811; x_wconf 83' lang='lat' dir='ltr'><strong>Itaque</strong></span> 
     </span>
     <span class='ocr_line' id='line_1_15' title="bbox 256 1829 1356 1914; baseline 0 -18"><span class='ocrx_word' id='word_1_106' title='bbox 256 1838 365 1896; x_wconf 88' lang='lat' dir='ltr'><strong>macte</strong></span> <span class='ocrx_word' id='word_1_107' title='bbox 390 1833 513 1897; x_wconf 81' lang='lat' dir='ltr'><strong>virtute</strong></span> <span class='ocrx_word' id='word_1_108' title='bbox 537 1829 633 1908; x_wconf 86' lang='lat' dir='ltr'><strong>esto,’</strong></span> <span class='ocrx_word' id='word_1_109' title='bbox 657 1831 775 1914; x_wconf 86' lang='lat' dir='ltr'><strong>inquit.</strong></span> <span class='ocrx_word' id='word_1_110' title='bbox 820 1830 945 1914; x_wconf 86' lang='lat' dir='ltr'><strong>‘Apud</strong></span> <span class='ocrx_word' id='word_1_111' title='bbox 970 1849 1025 1896; x_wconf 90' lang='lat' dir='ltr'><strong>me</strong></span> <span class='ocrx_word' id='word_1_112' title='bbox 1039 1832 1102 1898; x_wconf 90' lang='lat' dir='ltr'><strong>tibi</strong></span> <span class='ocrx_word' id='word_1_113' title='bbox 1121 1833 1232 1897; x_wconf 88' lang='lat' dir='ltr'><strong>omnis</strong></span> <span class='ocrx_word' id='word_1_114' title='bbox 1246 1830 1356 1896; x_wconf 88' lang='lat' dir='ltr'><strong>bonos</strong></span> 
     </span>
     <span class='ocr_line' id='line_1_16' title="bbox 255 1932 1356 2017; baseline -0.001 -21"><span class='ocrx_word' id='word_1_115' title='bbox 255 1939 359 2016; x_wconf 78' lang='lat' dir='ltr'><strong>atque</strong></span> <span class='ocrx_word' id='word_1_116' title='bbox 388 1952 485 1997; x_wconf 85' lang='lat' dir='ltr'><strong>omne</strong></span> <span class='ocrx_word' id='word_1_117' title='bbox 512 1933 689 2015; x_wconf 81' lang='lat' dir='ltr'><strong>praemium</strong></span> <span class='ocrx_word' id='word_1_118' title='bbox 711 1933 793 1996; x_wconf 84' lang='lat' dir='ltr'><strong>erit:</strong></span> <span class='ocrx_word' id='word_1_119' title='bbox 828 1943 874 2010; x_wconf 88' lang='lat' dir='ltr'><strong>et,</strong></span> <span class='ocrx_word' id='word_1_120' title='bbox 895 1953 965 2017; x_wconf 92' lang='lat' dir='ltr'><strong>quo</strong></span> <span class='ocrx_word' id='word_1_121' title='bbox 990 1932 1196 2017; x_wconf 80' lang='lat' dir='ltr'><strong>frequentior</strong></span> <span class='ocrx_word' id='word_1_122' title='bbox 1218 1951 1356 1996; x_wconf 85' lang='lat' dir='ltr'><strong>meeum</strong></span> 
     </span>
     <span class='ocr_line' id='line_1_17' title="bbox 254 2031 1356 2117; baseline -0.001 -19"><span class='ocrx_word' id='word_1_123' title='bbox 254 2033 368 2111; x_wconf 72' lang='lat' dir='ltr'><strong>inens,</strong></span> <span class='ocrx_word' id='word_1_124' title='bbox 395 2035 519 2100; x_wconf 83' lang='lat' dir='ltr'><strong>senties</strong></span> <span class='ocrx_word' id='word_1_125' title='bbox 544 2053 619 2098; x_wconf 86' lang='lat' dir='ltr'><strong>earu</strong></span> <span class='ocrx_word' id='word_1_126' title='bbox 643 2053 713 2098; x_wconf 87' lang='lat' dir='ltr'><strong>tem</strong></span> <span class='ocrx_word' id='word_1_127' title='bbox 736 2033 799 2098; x_wconf 91' lang='lat' dir='ltr'><strong>tibi</strong></span> <span class='ocrx_word' id='word_1_128' title='bbox 825 2032 978 2116; x_wconf 74' lang='lat' dir='ltr'><strong>dignitati</strong></span> <span class='ocrx_word' id='word_1_129' title='bbox 1007 2039 1107 2117; x_wconf 83' lang='lat' dir='ltr'><strong>atquc</strong></span> <span class='ocrx_word' id='word_1_130' title='bbox 1127 2031 1356 2097; x_wconf 86' lang='lat' dir='ltr'><strong>emolumento</strong></span> 
     </span>
     <span class='ocr_line' id='line_1_18' title="bbox 254 2132 1357 2218; baseline 0 -20"><span class='ocrx_word' id='word_1_131' title='bbox 254 2133 355 2200; x_wconf 66' lang='lat' dir='ltr'><strong>esse!</strong></span> <span class='ocrx_word' id='word_1_132' title='bbox 397 2135 561 2217; x_wconf 74' lang='lat' dir='ltr'><strong>Laetaque</strong></span> <span class='ocrx_word' id='word_1_133' title='bbox 584 2133 703 2217; x_wconf 84' lang='lat' dir='ltr'><strong>juveni</strong></span> <span class='ocrx_word' id='word_1_134' title='bbox 731 2134 907 2215; x_wconf 89' lang='lat' dir='ltr'><strong>promissis</strong></span> <span class='ocrx_word' id='word_1_135' title='bbox 928 2153 1053 2218; x_wconf 89' lang='lat' dir='ltr'><strong>equum</strong></span> <span class='ocrx_word' id='word_1_136' title='bbox 1078 2134 1238 2198; x_wconf 81' lang='lat' dir='ltr'><strong>eximium</strong></span> <span class='ocrx_word' id='word_1_137' title='bbox 1266 2132 1357 2198; x_wconf 84' lang='lat' dir='ltr'><strong>dono</strong></span> 
     </span>
     <span class='ocr_line' id='line_1_19' title="bbox 254 2234 1355 2319; baseline -0.003 -19"><span class='ocrx_word' id='word_1_138' title='bbox 254 2235 326 2311; x_wconf 85' lang='lat' dir='ltr'><strong>dat,</strong></span> <span class='ocrx_word' id='word_1_139' title='bbox 349 2237 550 2319; x_wconf 80' lang='lat' dir='ltr'><strong>bigatosque</strong></span> <span class='ocrx_word' id='word_1_140' title='bbox 572 2236 792 2318; x_wconf 63' lang='lat' dir='ltr'><strong>quingentost</strong></span> <span class='ocrx_word' id='word_1_141' title='bbox 814 2240 1016 2319; x_wconf 72' lang='lat' dir='ltr'><strong>quaestorem</strong></span> <span class='ocrx_word' id='word_1_142' title='bbox 1040 2253 1212 2300; x_wconf 86' lang='lat' dir='ltr'><strong>numerere</strong></span> <span class='ocrx_word' id='word_1_143' title='bbox 1231 2234 1355 2318; x_wconf 84' lang='lat' dir='ltr'><strong>jubet:</strong></span> 
     </span>
     <span class='ocr_line' id='line_1_20' title="bbox 252 2335 1354 2420; baseline 0 -21"><span class='ocrx_word' id='word_1_144' title='bbox 252 2335 427 2401; x_wconf 83' lang='lat' dir='ltr'><strong>lictoribus</strong></span> <span class='ocrx_word' id='word_1_145' title='bbox 437 2337 592 2416; x_wconf 85' lang='lat' dir='ltr'><strong>imperet,</strong></span> <span class='ocrx_word' id='word_1_146' title='bbox 607 2344 646 2400; x_wconf 92' lang='lat' dir='ltr'><strong>ut</strong></span> <span class='ocrx_word' id='word_1_147' title='bbox 660 2355 737 2400; x_wconf 89' lang='lat' dir='ltr'><strong>enm</strong></span> <span class='ocrx_word' id='word_1_148' title='bbox 752 2355 790 2400; x_wconf 88' lang='lat' dir='ltr'><strong>se</strong></span> <span class='ocrx_word' id='word_1_149' title='bbox 804 2337 909 2414; x_wconf 86' lang='lat' dir='ltr'><strong>adire,</strong></span> <span class='ocrx_word' id='word_1_150' title='bbox 923 2339 1055 2420; x_wconf 82' lang='lat' dir='ltr'><strong>quoties</strong></span> <span class='ocrx_word' id='word_1_151' title='bbox 1068 2337 1158 2414; x_wconf 80' lang='lat' dir='ltr'><strong>velit,</strong></span> <span class='ocrx_word' id='word_1_152' title='bbox 1172 2337 1354 2420; x_wconf 85' lang='lat' dir='ltr'><strong>patiantur.</strong></span> 
     </span>
    </p>

    <p class='ocr_par' dir='ltr' id='par_1_8' title="bbox 252 2433 1358 3329">
     <span class='ocr_line' id='line_1_21' title="bbox 297 2433 1356 2522; baseline 0.002 -23"><span class='ocrx_word' id='word_1_153' title='bbox 297 2436 350 2500; x_wconf 80' lang='lat'><strong>16.</strong></span> <span class='ocrx_word' id='word_1_154' title='bbox 374 2435 453 2500; x_wconf 88' lang='lat' dir='ltr'><strong>Hac</strong></span> <span class='ocrx_word' id='word_1_155' title='bbox 469 2433 628 2500; x_wconf 82' lang='lat' dir='ltr'><strong>comitate</strong></span> <span class='ocrx_word' id='word_1_156' title='bbox 643 2433 801 2500; x_wconf 81' lang='lat' dir='ltr'><strong>Marcelli</strong></span> <span class='ocrx_word' id='word_1_157' title='bbox 822 2437 944 2502; x_wconf 85' lang='lat' dir='ltr'><strong>ferocis</strong></span> <span class='ocrx_word' id='word_1_158' title='bbox 962 2439 1098 2522; x_wconf 83' lang='lat' dir='ltr'><strong>juvenis</strong></span> <span class='ocrx_word' id='word_1_159' title='bbox 1120 2438 1252 2504; x_wconf 83' lang='lat' dir='ltr'><strong>animus</strong></span> <span class='ocrx_word' id='word_1_160' title='bbox 1266 2439 1356 2504; x_wconf 82' lang='lat' dir='ltr'><strong>adeo</strong></span> 
     </span>
     <span class='ocr_line' id='line_1_22' title="bbox 253 2534 1358 2612; baseline 0.001 -10"><span class='ocrx_word' id='word_1_161' title='bbox 253 2544 305 2602; x_wconf 82' lang='lat' dir='ltr'><strong>est</strong></span> <span class='ocrx_word' id='word_1_162' title='bbox 320 2534 482 2612; x_wconf 88' lang='lat' dir='ltr'><strong>mollitus,</strong></span> <span class='ocrx_word' id='word_1_163' title='bbox 498 2539 536 2599; x_wconf 80' lang='lat' dir='ltr'><strong>ur</strong></span> <span class='ocrx_word' id='word_1_164' title='bbox 548 2555 648 2601; x_wconf 90' lang='lat' dir='ltr'><strong>nemo</strong></span> <span class='ocrx_word' id='word_1_165' title='bbox 665 2537 743 2602; x_wconf 89' lang='lat' dir='ltr'><strong>iude</strong></span> <span class='ocrx_word' id='word_1_166' title='bbox 758 2540 927 2604; x_wconf 89' lang='lat' dir='ltr'><strong>sociorum</strong></span> <span class='ocrx_word' id='word_1_167' title='bbox 943 2558 1013 2605; x_wconf 87' lang='lat' dir='ltr'><strong>rem</strong></span> <span class='ocrx_word' id='word_1_168' title='bbox 1028 2539 1218 2605; x_wconf 84' lang='lat' dir='ltr'><strong>Romanam</strong></span> <span class='ocrx_word' id='word_1_169' title='bbox 1234 2541 1358 2605; x_wconf 82' lang='lat' dir='ltr'><strong>fortius</strong></span> 
     </span>
     <span class='ocr_line' id='line_1_23' title="bbox 254 2637 1356 2726; baseline 0.002 -22"><span class='ocrx_word' id='word_1_170' title='bbox 254 2657 295 2704; x_wconf 83' lang='lat' dir='ltr'><strong>ac</strong></span> <span class='ocrx_word' id='word_1_171' title='bbox 311 2637 443 2703; x_wconf 85' lang='lat' dir='ltr'><strong>fidelius</strong></span> <span class='ocrx_word' id='word_1_172' title='bbox 453 2638 591 2720; x_wconf 84' lang='lat' dir='ltr'><strong>juverit.</strong></span> <span class='ocrx_word' id='word_1_173' title='bbox 633 2637 719 2703; x_wconf 87' lang='lat' dir='ltr'><strong>Cum</strong></span> <span class='ocrx_word' id='word_1_174' title='bbox 742 2639 916 2706; x_wconf 79' lang='lat' dir='ltr'><strong>Hannibal</strong></span> <span class='ocrx_word' id='word_1_175' title='bbox 936 2642 980 2705; x_wconf 88' lang='lat' dir='ltr'><strong>ad</strong></span> <span class='ocrx_word' id='word_1_176' title='bbox 1005 2649 1119 2725; x_wconf 77' lang='lat' dir='ltr'><strong>portas</strong></span> <span class='ocrx_word' id='word_1_177' title='bbox 1134 2647 1237 2718; x_wconf 86' lang='lat' dir='ltr'><strong>esset,</strong></span> <span class='ocrx_word' id='word_1_178' title='bbox 1255 2640 1356 2726; x_wconf 84' lang='lat' dir='ltr'><strong>(No-</strong></span> 
     </span>
     <span class='ocr_line' id='line_1_24' title="bbox 253 2739 1356 2826; baseline 0.003 -24"><span class='ocrx_word' id='word_1_179' title='bbox 253 2740 321 2804; x_wconf 84' lang='lat' dir='ltr'><strong>lam</strong></span> <span class='ocrx_word' id='word_1_180' title='bbox 345 2739 433 2805; x_wconf 90' lang='lat' dir='ltr'><strong>enirn</strong></span> <span class='ocrx_word' id='word_1_181' title='bbox 458 2757 573 2804; x_wconf 80' lang='lat' dir='ltr'><strong>rursus</strong></span> <span class='ocrx_word' id='word_1_182' title='bbox 593 2758 616 2803; x_wconf 86' lang='lat' dir='ltr'><strong>a</strong></span> <span class='ocrx_word' id='word_1_183' title='bbox 632 2739 782 2806; x_wconf 82' lang='lat' dir='ltr'><strong>Nuceria</strong></span> <span class='ocrx_word' id='word_1_184' title='bbox 808 2749 978 2808; x_wconf 84' lang='lat' dir='ltr'><strong>morerat⁷</strong></span> <span class='ocrx_word' id='word_1_185' title='bbox 1007 2744 1146 2821; x_wconf 69' lang='lat' dir='ltr'><strong>castra)</strong></span> <span class='ocrx_word' id='word_1_186' title='bbox 1170 2742 1356 2826; x_wconf 85' lang='lat' dir='ltr'><strong>plebesque</strong></span> 
     </span>
     <span class='ocr_line' id='line_1_25' title="bbox 255 2838 1356 2926; baseline 0 -20"><span class='ocrx_word' id='word_1_187' title='bbox 255 2840 392 2906; x_wconf 88' lang='lat' dir='ltr'><strong>Nolana</strong></span> <span class='ocrx_word' id='word_1_188' title='bbox 404 2839 446 2904; x_wconf 85' lang='lat' dir='ltr'><strong>dc</strong></span> <span class='ocrx_word' id='word_1_189' title='bbox 461 2841 586 2922; x_wconf 81' lang='lat' dir='ltr'><strong>integro</strong></span> <span class='ocrx_word' id='word_1_190' title='bbox 602 2838 645 2903; x_wconf 84' lang='lat' dir='ltr'><strong>ad</strong></span> <span class='ocrx_word' id='word_1_191' title='bbox 661 2839 883 2907; x_wconf 85' lang='lat' dir='ltr'><strong>delectionem</strong></span> <span class='ocrx_word' id='word_1_192' title='bbox 897 2851 1079 2926; x_wconf 82' lang='lat' dir='ltr'><strong>spectaret,</strong></span> <span class='ocrx_word' id='word_1_193' title='bbox 1092 2843 1276 2908; x_wconf 84' lang='lat' dir='ltr'><strong>Marcellus</strong></span> <span class='ocrx_word' id='word_1_194' title='bbox 1291 2846 1356 2908; x_wconf 84' lang='lat' dir='ltr'><strong>sub</strong></span> 
     </span>
     <span class='ocr_line' id='line_1_26' title="bbox 253 2939 1356 3028; baseline 0.004 -24"><span class='ocrx_word' id='word_1_195' title='bbox 253 2940 434 3005; x_wconf 84' lang='lat' dir='ltr'><strong>adventum</strong></span> <span class='ocrx_word' id='word_1_196' title='bbox 446 2939 592 3004; x_wconf 87' lang='lat' dir='ltr'><strong>bostium</strong></span> <span class='ocrx_word' id='word_1_197' title='bbox 610 2939 697 3005; x_wconf 84' lang='lat' dir='ltr'><strong>intra</strong></span> <span class='ocrx_word' id='word_1_198' title='bbox 710 2960 824 3006; x_wconf 89' lang='lat' dir='ltr'><strong>muros</strong></span> <span class='ocrx_word' id='word_1_199' title='bbox 839 2962 877 3006; x_wconf 91' lang='lat' dir='ltr'><strong>se</strong></span> <span class='ocrx_word' id='word_1_200' title='bbox 893 2943 1041 3028; x_wconf 84' lang='lat' dir='ltr'><strong>recepit;</strong></span> <span class='ocrx_word' id='word_1_201' title='bbox 1063 2964 1130 3008; x_wconf 89' lang='lat' dir='ltr'><strong>non</strong></span> <span class='ocrx_word' id='word_1_202' title='bbox 1141 2945 1266 3010; x_wconf 85' lang='lat' dir='ltr'><strong>castris</strong></span> <span class='ocrx_word' id='word_1_203' title='bbox 1288 2964 1356 3008; x_wconf 89' lang='lat' dir='ltr'><strong>me·</strong></span> 
     </span>
     <span class='ocr_line' id='line_1_27' title="bbox 254 3037 1355 3122; baseline 0.002 -16"><span class='ocrx_word' id='word_1_204' title='bbox 254 3047 364 3116; x_wconf 88' lang='lat' dir='ltr'><strong>tuens,</strong></span> <span class='ocrx_word' id='word_1_205' title='bbox 378 3037 440 3102; x_wconf 88' lang='lat' dir='ltr'><strong>sed</strong></span> <span class='ocrx_word' id='word_1_206' title='bbox 461 3057 502 3102; x_wconf 91' lang='lat' dir='ltr'><strong>ne</strong></span> <span class='ocrx_word' id='word_1_207' title='bbox 525 3039 707 3122; x_wconf 76' lang='lat' dir='ltr'><strong>protende</strong></span> <span class='ocrx_word' id='word_1_208' title='bbox 732 3043 824 3109; x_wconf 87' lang='lat' dir='ltr'><strong>urbis</strong></span> <span class='ocrx_word' id='word_1_209' title='bbox 839 3045 1055 3110; x_wconf 76' lang='lat' dir='ltr'><strong>occasionem</strong></span> <span class='ocrx_word' id='word_1_210' title='bbox 1068 3045 1168 3110; x_wconf 90' lang='lat' dir='ltr'><strong>nimis</strong></span> <span class='ocrx_word' id='word_1_211' title='bbox 1183 3045 1305 3110; x_wconf 87' lang='lat' dir='ltr'><strong>multis</strong></span> <span class='ocrx_word' id='word_1_212' title='bbox 1318 3047 1355 3109; x_wconf 88' lang='lat' dir='ltr'><strong>in</strong></span> 
     </span>
     <span class='ocr_line' id='line_1_28' title="bbox 252 3141 1355 3230; baseline 0.005 -25"><span class='ocrx_word' id='word_1_213' title='bbox 252 3159 329 3205; x_wconf 85' lang='lat' dir='ltr'><strong>eam</strong></span> <span class='ocrx_word' id='word_1_214' title='bbox 348 3142 618 3205; x_wconf 86' lang='lat' dir='ltr'><strong>imminentibus¹</strong></span> <span class='ocrx_word' id='word_1_215' title='bbox 637 3141 742 3208; x_wconf 87' lang='lat' dir='ltr'><strong>daret.</strong></span> <span class='ocrx_word' id='word_1_216' title='bbox 786 3144 912 3210; x_wconf 83' lang='lat' dir='ltr'><strong>instrui</strong></span> <span class='ocrx_word' id='word_1_217' title='bbox 932 3145 1051 3211; x_wconf 86' lang='lat' dir='ltr'><strong>deinde</strong></span> <span class='ocrx_word' id='word_1_218' title='bbox 1072 3148 1241 3230; x_wconf 87' lang='lat' dir='ltr'><strong>utrimque</strong></span> <span class='ocrx_word' id='word_1_219' title='bbox 1262 3148 1355 3212; x_wconf 82' lang='lat' dir='ltr'><strong>acies</strong></span> 
     </span>
     <span class='ocr_line' id='line_1_29' title="bbox 253 3243 1356 3329; baseline 0.005 -22"><span class='ocrx_word' id='word_1_220' title='bbox 253 3250 388 3327; x_wconf 83' lang='lat' dir='ltr'><strong>coeptce,</strong></span> <span class='ocrx_word' id='word_1_221' title='bbox 414 3243 642 3308; x_wconf 86' lang='lat' dir='ltr'><strong>Romanorum</strong></span> <span class='ocrx_word' id='word_1_222' title='bbox 667 3263 729 3329; x_wconf 91' lang='lat' dir='ltr'><strong>pro</strong></span> <span class='ocrx_word' id='word_1_223' title='bbox 748 3246 915 3312; x_wconf 85' lang='lat' dir='ltr'><strong>moenibus</strong></span> <span class='ocrx_word' id='word_1_224' title='bbox 941 3247 1055 3326; x_wconf 81' lang='lat' dir='ltr'><strong>Nolae,</strong></span> <span class='ocrx_word' id='word_1_225' title='bbox 1079 3248 1264 3314; x_wconf 85' lang='lat' dir='ltr'><strong>Poenorum</strong></span> <span class='ocrx_word' id='word_1_226' title='bbox 1278 3256 1356 3312; x_wconf 86' lang='lat' dir='ltr'><strong>aute</strong></span> 
     </span>
    </p>
   </div>
   <div class='ocr_carea' id='block_1_7' title="bbox 283 3415 1082 3488">
    <p class='ocr_par' dir='ltr' id='par_1_9' title="bbox 283 3415 1082 3488">
     <span class='ocr_line' id='line_1_30' title="bbox 283 3415 1082 3488; baseline 0.01 -23"><span class='ocrx_word' id='word_1_227' title='bbox 283 3419 295 3446; x_wconf 88' lang='lat'>¹</span> <span class='ocrx_word' id='word_1_228' title='bbox 310 3415 370 3464; x_wconf 76' lang='lat' dir='ltr'><strong>cun</strong></span> <span class='ocrx_word' id='word_1_229' title='bbox 378 3417 477 3478; x_wconf 66' lang='lat' dir='ltr'><strong>plurimi</strong></span> <span class='ocrx_word' id='word_1_230' title='bbox 487 3431 518 3466; x_wconf 77' lang='lat' dir='ltr'><strong>cc</strong></span> <span class='ocrx_word' id='word_1_231' title='bbox 530 3417 626 3468; x_wconf 74' lang='lat' dir='ltr'><strong>Neam</strong></span> <span class='ocrx_word' id='word_1_232' title='bbox 634 3419 701 3483; x_wconf 74' lang='lat' dir='ltr'><strong>plebe</strong></span> <span class='ocrx_word' id='word_1_233' title='bbox 710 3433 763 3469; x_wconf 76' lang='lat' dir='ltr'><strong>cunr</strong></span> <span class='ocrx_word' id='word_1_234' title='bbox 773 3419 941 3488; x_wconf 68' lang='lat' dir='ltr'><strong>(meam)</strong></span> <span class='ocrx_word' id='word_1_235' title='bbox 951 3427 1082 3488; x_wconf 62' lang='lat' dir='ltr'><strong>aptarem.</strong></span> 
     </span>
    </p>
   </div>
   <div class='ocr_carea' id='block_1_8' title="bbox 712 3557 895 3584">
    <p class='ocr_par' dir='ltr' id='par_1_10' title="bbox 712 3557 895 3584">
     <span class='ocr_line' id='line_1_31' title="bbox 712 3557 895 3584; baseline 0.022 -7"><span class='ocrx_word' id='word_1_236' title='bbox 712 3557 895 3584; x_wconf 59' lang='lat' dir='ltr'><strong>numento</strong></span> 
     </span>
    </p>
   </div>
   <div class='ocr_carea' id='block_1_9' title="bbox 250 3649 1354 3783">
    <p class='ocr_par' dir='ltr' id='par_1_11' title="bbox 250 3649 1354 3783">
     <span class='ocr_line' id='line_1_32' title="bbox 250 3649 1354 3725; baseline 0.013 -27"><span class='ocrx_word' id='word_1_237' title='bbox 250 3654 266 3699; x_wconf 78' lang='grc'>3</span> <span class='ocrx_word' id='word_1_238' title='bbox 284 3649 355 3700; x_wconf 89' lang='lat' dir='ltr'><strong>Olim</strong></span> <span class='ocrx_word' id='word_1_239' title='bbox 364 3651 509 3715; x_wconf 66' lang='lat' dir='ltr'><strong>legebatur,</strong></span> <span class='ocrx_word' id='word_1_240' title='bbox 519 3655 614 3704; x_wconf 69' lang='lat' dir='ltr'><strong>emori</strong></span> <span class='ocrx_word' id='word_1_241' title='bbox 625 3669 652 3704; x_wconf 83' lang='lat' dir='ltr'><strong>eu</strong></span> <span class='ocrx_word' id='word_1_242' title='bbox 662 3655 733 3716; x_wconf 78' lang='lat' dir='ltr'><strong>dies.</strong></span> <span class='ocrx_word' id='word_1_243' title='bbox 743 3657 818 3707; x_wconf 74' lang='lat' dir='ltr'><strong>r.-⁴</strong></span> <span class='ocrx_word' id='word_1_244' title='bbox 835 3657 877 3708; x_wconf 83' lang='grc' dir='ltr'><strong>ΑΙ.</strong></span> <span class='ocrx_word' id='word_1_245' title='bbox 887 3674 915 3708; x_wconf 81' lang='lat' dir='ltr'><strong>eu</strong></span> <span class='ocrx_word' id='word_1_246' title='bbox 926 3663 1289 3725; x_wconf 62' lang='lat' dir='ltr'><strong>remunerabilem-e</strong></span> <span class='ocrx_word' id='word_1_247' title='bbox 1313 3661 1354 3712; x_wconf 78' lang='grc' dir='ltr'><strong>ΑΙ.</strong></span> 
     </span>
     <span class='ocr_line' id='line_1_33' title="bbox 254 3713 1068 3783; baseline 0.017 -20"><span class='ocrx_word' id='word_1_248' title='bbox 254 3713 375 3765; x_wconf 69' lang='lat' dir='ltr'><strong>carneri</strong></span> <span class='ocrx_word' id='word_1_249' title='bbox 382 3731 465 3781; x_wconf 75' lang='lat' dir='ltr'><strong>puger</strong></span> <span class='ocrx_word' id='word_1_250' title='bbox 474 3733 522 3768; x_wconf 78' lang='lat' dir='ltr'><strong>narr</strong></span> <span class='ocrx_word' id='word_1_251' title='bbox 529 3719 598 3783; x_wconf 76' lang='lat' dir='ltr'><strong>prim</strong></span> <span class='ocrx_word' id='word_1_252' title='bbox 605 3719 750 3783; x_wconf 68' lang='lat' dir='ltr'><strong>palia-tl</strong></span> <span class='ocrx_word' id='word_1_253' title='bbox 767 3721 896 3772; x_wconf 72' lang='lat' dir='ltr'><strong>Arnum</strong></span> <span class='ocrx_word' id='word_1_254' title='bbox 906 3726 939 3773; x_wconf 84' lang='lat' dir='ltr'><strong>rit</strong></span> <span class='ocrx_word' id='word_1_255' title='bbox 950 3727 1068 3776; x_wconf 82' lang='lat' dir='ltr'><strong>crerier.</strong></span> 
     </span>
    </p>
   </div>
   <div class='ocr_carea' id='block_1_10' title="bbox 748 3883 860 3935">
    <p class='ocr_par' dir='ltr' id='par_1_12' title="bbox 748 3883 860 3935">
     <span class='ocr_line' id='line_1_34' title="bbox 748 3883 860 3935; baseline 0.018 -2"><span class='ocrx_word' id='word_1_256' title='bbox 748 3883 860 3935; x_wconf 81' lang='lat' dir='ltr'>NOTAE</span> 
     </span>
    </p>
   </div>
   <div class='ocr_carea' id='block_1_11' title="bbox 250 3974 1355 4126">
    <p class='ocr_par' dir='ltr' id='par_1_13' title="bbox 250 3974 1355 4126">
     <span class='ocr_line' id='line_1_35' title="bbox 285 3974 1353 4047; baseline 0.01 -24"><span class='ocrx_word' id='word_1_257' title='bbox 285 3974 465 4039; x_wconf 57' lang='lat' dir='ltr'><strong>raucaque</strong></span> <span class='ocrx_word' id='word_1_258' title='bbox 481 3976 632 4041; x_wconf 60' lang='lat' dir='ltr'><strong>paupertas]</strong></span> <span class='ocrx_word' id='word_1_259' title='bbox 652 3977 726 4028; x_wconf 88' lang='lat' dir='ltr'><strong>Dicti</strong></span> <span class='ocrx_word' id='word_1_260' title='bbox 738 3979 786 4027; x_wconf 83' lang='lat' dir='ltr'><strong>Bi·</strong></span> <span class='ocrx_word' id='word_1_261' title='bbox 825 3981 885 4032; x_wconf 79' lang='lat' dir='ltr'><strong>rioe.</strong></span> <span class='ocrx_word' id='word_1_262' title='bbox 917 3983 1059 4047; x_wconf 72' lang='lat' dir='ltr'><strong>Quingenti</strong></span> <span class='ocrx_word' id='word_1_263' title='bbox 1079 3989 1167 4035; x_wconf 78' lang='lat' dir='ltr'><strong>autem</strong></span> <span class='ocrx_word' id='word_1_264' title='bbox 1184 3983 1287 4036; x_wconf 81' lang='lat' dir='ltr'><strong>deuerti</strong></span> <span class='ocrx_word' id='word_1_265' title='bbox 1308 3987 1353 4034; x_wconf 85' lang='lat' dir='ltr'><strong>ire·</strong></span> 
     </span>
     <span class='ocr_line' id='line_1_36' title="bbox 250 4051 1355 4126; baseline 0.01 -28"><span class='ocrx_word' id='word_1_266' title='bbox 250 4051 308 4110; x_wconf 74' lang='lat' dir='ltr'><strong>guli</strong></span> <span class='ocrx_word' id='word_1_267' title='bbox 319 4051 357 4102; x_wconf 88' lang='lat' dir='ltr'><strong>uti</strong></span> <span class='ocrx_word' id='word_1_268' title='bbox 374 4053 523 4117; x_wconf 75' lang='lat' dir='ltr'><strong>quadrigati</strong></span> <span class='ocrx_word' id='word_1_269' title='bbox 539 4053 634 4104; x_wconf 84' lang='lat' dir='ltr'><strong>nummi</strong></span> <span class='ocrx_word' id='word_1_270' title='bbox 646 4068 661 4102; x_wconf 80' lang='grc' dir='ltr'>ι</span> <span class='ocrx_word' id='word_1_271' title='bbox 673 4061 735 4104; x_wconf 79' lang='lat' dir='ltr'><strong>uota</strong></span> <span class='ocrx_word' id='word_1_272' title='bbox 746 4054 785 4104; x_wconf 88' lang='lat' dir='ltr'><strong>bi·</strong></span> <span class='ocrx_word' id='word_1_273' title='bbox 826 4055 924 4108; x_wconf 69' lang='lat' dir='ltr'><strong>diurne</strong></span> <span class='ocrx_word' id='word_1_274' title='bbox 938 4059 1006 4122; x_wconf 76' lang='lat' dir='ltr'><strong>apud</strong></span> <span class='ocrx_word' id='word_1_275' title='bbox 1022 4073 1069 4110; x_wconf 86' lang='lat' dir='ltr'><strong>uor</strong></span> <span class='ocrx_word' id='word_1_276' title='bbox 1080 4067 1193 4109; x_wconf 67' lang='lat' dir='ltr'><strong>monete</strong></span> <span class='ocrx_word' id='word_1_277' title='bbox 1204 4061 1355 4126; x_wconf 67' lang='lat' dir='ltr'><strong>tqnipolie·</strong></span> 
     </span>
    </p>
   </div>
   <div class='ocr_carea' id='block_1_12' title="bbox 253 4130 1208 4268">
    <p class='ocr_par' dir='ltr' id='par_1_14' title="bbox 253 4130 1208 4268">
     <span class='ocr_line' id='line_1_37' title="bbox 253 4130 1208 4195; baseline 0.012 -21"><span class='ocrx_word' id='word_1_278' title='bbox 253 4137 343 4188; x_wconf 67' lang='lat' dir='ltr'><strong>perum</strong></span> <span class='ocrx_word' id='word_1_279' title='bbox 357 4135 386 4176; x_wconf 85' lang='lat' dir='ltr'><strong>et</strong></span> <span class='ocrx_word' id='word_1_280' title='bbox 398 4130 580 4194; x_wconf 69' lang='lat' dir='ltr'><strong>quadrigarum</strong></span> <span class='ocrx_word' id='word_1_281' title='bbox 595 4131 633 4180; x_wconf 82' lang='lat' dir='ltr'><strong>eir</strong></span> <span class='ocrx_word' id='word_1_282' title='bbox 648 4131 785 4195; x_wconf 73' lang='lat' dir='ltr'><strong>impresse.</strong></span> <span class='ocrx_word' id='word_1_283' title='bbox 824 4144 883 4185; x_wconf 80' lang='lat' dir='ltr'><strong>rent</strong></span> <span class='ocrx_word' id='word_1_284' title='bbox 895 4135 969 4186; x_wconf 78' lang='lat' dir='ltr'><strong>libris</strong></span> <span class='ocrx_word' id='word_1_285' title='bbox 980 4133 1065 4186; x_wconf 76' lang='lat' dir='ltr'><strong>t‘erure</strong></span> <span class='ocrx_word' id='word_1_286' title='bbox 1077 4135 1208 4186; x_wconf 78' lang='lat' dir='ltr'><strong>ducentis.</strong></span> 
     </span>
     <span class='ocr_line' id='line_1_38' title="bbox 254 4199 783 4268; baseline 0.015 -19"><span class='ocrx_word' id='word_1_287' title='bbox 254 4199 344 4266; x_wconf 75' lang='lat' dir='ltr'><strong>quales</strong></span> <span class='ocrx_word' id='word_1_288' title='bbox 360 4204 454 4252; x_wconf 75' lang='lat' dir='ltr'><strong>nubae</strong></span> <span class='ocrx_word' id='word_1_289' title='bbox 470 4205 556 4268; x_wconf 69' lang='lat' dir='ltr'><strong>cubuc</strong></span> <span class='ocrx_word' id='word_1_290' title='bbox 572 4202 687 4256; x_wconf 80' lang='lat' dir='ltr'><strong>ridemur</strong></span> <span class='ocrx_word' id='word_1_291' title='bbox 703 4206 783 4257; x_wconf 79' lang='lat' dir='ltr'><strong>dene·</strong></span> 
     </span>
    </p>
   </div>
   <div class='ocr_carea' id='block_1_13' title="bbox 0 0 1464 4767">
    <p class='ocr_par' dir='ltr' id='par_1_15' title="bbox 0 0 1464 4767">
     <span class='ocr_line' id='line_1_39' title="bbox 0 0 1464 4767; baseline 0 3"><span class='ocrx_word' id='word_1_292' title='bbox 0 0 1464 4767; x_wconf 95' lang='lat' dir='ltr'><strong> </strong></span> 
     </span>
    </p>
   </div>
  </div>
 </body>
</html>
