2917 4767
454 381 524 428 nra.
550 377 669 428 xxiii.
693 379 778 428 oar.
800 363 853 428 lt.
1120 365 1201 430 lon

71 523 246 605 judicati
275 521 307 588 iu
337 521 482 588 vinculis
507 530 654 600 essent,t
678 523 738 607 qui
761 541 877 588 eorum
900 521 994 606 apud
1021 541 1059 588 oe
1082 523 1206 588 milites

77 625 230 704 fierent,
246 643 306 690 eos
319 643 411 688 noxa
434 625 643 708 pecuniaque
668 640 745 688 sese
764 625 897 689 exsolvi
914 623 1110 708 jussurum!
1153 624 1206 688 Ea

78 747 163 790 sex
189 727 297 792 millia
323 723 514 790 bominum¹
543 726 687 790 Gallicis
713 727 846 809 spoliis,
872 747 948 811 quae
973 726 1137 810 triumpho
1164 725 1205 792 C.

82 827 266 893 Flaminii
285 827 450 892 banslata
465 835 574 904 erant,
592 829 778 892 armavit.¹⁰
821 827 944 911 ltaque
958 841 1034 892 cum
1046 833 1069 866 ¹¹
1086 826 1205 910 viginti
1317 901 1327 913 ‚

81 931 251 1012 quinque
265 927 413 993 millibus
427 934 623 995 armatorum
639 929 683 992 ab
699 927 793 992 Urbe
809 923 1045 1010 proficiscitur.
1074 927 1205 992 Hauni-

81 1030 172 1106 bal,
187 1029 308 1112 Capua
325 1035 471 1112 recepta,
492 1049 571 1094 cum
594 1030 713 1094 itemm
736 1029 1040 1112 Neapolitanorum
1063 1031 1205 1106 animos,

84 1133 227 1212 partim
251 1150 324 1214 spe,
338 1131 460 1213 partim
480 1140 585 1208 metu,
605 1132 827 1214 nequicquam
848 1135 1023 1204 tentasset,
1038 1129 1072 1194 in
1091 1149 1205 1211 agrum

86 1231 275 1296 Nolanum
292 1231 478 1297 exercitum
497 1233 661 1312 traducit3
684 1230 749 1317 [at]
760 1239 786 1272 ¹²
808 1241 847 1296 ut
868 1250 933 1295 nou
955 1232 1117 1297 hostiliter
1138 1236 1203 1296 sta·

86 1335 174 1408 tim,
193 1333 275 1417 quia
299 1351 365 1397 non
388 1332 588 1417 desperabat
614 1333 838 1397 voluntariam
859 1332 1073 1407 deditionem,
1092 1331 1153 1409 ita,
1174 1331 1205 1396 si

87 1442 312 1498 morarentur
325 1453 430 1518 spem,
440 1434 522 1499 nihil
536 1453 665 1510 eorum,
681 1452 760 1517 quae
773 1435 844 1516 pati
855 1438 913 1498 ant
922 1435 1039 1499 timere
1053 1440 1206 1516 possent,

90 1535 402 1616 praetermissums.
446 1535 623 1600 Sanamem
639 1551 691 1599 'ac
715 1535 865 1599 maximo
888 1536 1050 1618 primores
1070 1533 1145 1616 eJus
1170 1535 1205 1598 in

92 1635 265 1701 societate
289 1635 448 1702 Romana
472 1656 547 1702 cum
571 1637 638 1700 lide
663 1645 833 1720 perstare;
856 1636 953 1719 plebs
973 1653 1144 1710 nouarum,
1169 1643 1207 1700 at

93 1737 203 1812 solet,
226 1755 335 1802 rerum
352 1744 453 1821 atque
468 1738 673 1804 Hannibalis
687 1745 761 1803 tota
775 1757 875 1819 csse;
896 1743 1087 1820 metumque
1110 1755 1204 1819 agro·
1246 1729 1251 1737 ’

95 1857 176 1902 rum
191 1839 425 1922 populationis
445 1847 481 1906 et
494 1840 658 1926 patienda
670 1842 704 1905 iu
717 1840 893 1904 obsidione
906 1839 1014 1903 multa
1027 1837 1142 1919 gravia
1157 1837 1205 1900 in·

95 1939 270 2022 dignaque
294 1959 482 2024 proponere
506 1942 628 2008 animo.
672 1943 794 2026 Neque
821 1949 977 2006 auctores
1004 1940 1207 2004 defectionis

98 2039 257 2105 deerant.
302 2040 423 2125 Itaque
448 2045 507 2108 ubi
530 2051 685 2108 senatum
709 2052 821 2109 metus
846 2045 949 2128 cepit,
972 2043 1003 2108 si
1027 2041 1205 2126 propalam

98 2140 290 2218 tenderent,
309 2145 418 2207 resisti
436 2145 642 2210 multitudini
658 2147 839 2211 concitatae
856 2164 924 2210 non
940 2163 1062 2230 posse;
1085 2163 1205 2208 seeun-

102 2241 150 2304 do
164 2248 187 2286 ¹³
214 2242 402 2308 simulando
424 2245 622 2312 dilationem
641 2246 724 2311 mali
737 2247 920 2312 inveniunt.
963 2245 1104 2310 Placere
1118 2245 1205 2308 enim

99 2342 172 2406 sibi
197 2342 421 2410 deiectionem
443 2347 486 2410 ad
508 2346 735 2413 Hannibalem
755 2348 933 2414 simulant:
955 2347 1076 2430 quibus
1092 2351 1205 2412 autem

101 2509 326 2622 davidicum..
334 2516 431 2576 propter
439 2510 543 2562 debitum
550 2512 684 2575 pecarium,
698 2518 723 2562 et
734 2514 826 2566 addicti
840 2512 1003 2566 auditoribus,
1017 2511 1153 2584 ira-nimiis
1163 2512 1205 2561 lto-

563 2653 749 2676 commone

136 2753 155 2796 a
169 2749 319 2813 cognomen
332 2751 397 2802 Peru
406 2751 478 2802 ebert
490 2751 523 2802 ab
533 2751 599 2804 Edd.
607 2761 668 2803 ante
677 2753 859 2804 Gronau-lt)
876 2751 952 2804 ‘Hoc
962 2751 1020 2800 loco
1032 2763 1125 2798 narum
1137 2749 1205 2799 deri·

102 2811 192 2862 durari
211 2815 345 2864 verborum
362 2817 417 2879 jam
437 2818 537 2867 notarit
554 2819 681 2882 Doerinp.
714 2819 805 2867 Malim
823 2824 911 2867 tamen
928 2815 1099 2865 anacoluthon
1113 2828 1205 2878 agnos·

102 2891 176 2939 cere,
188 2893 262 2942 qnam
275 2893 333 2929 eum
341 2895 371 2929 ao
380 2883 482 2944 legera:
497 2883 533 2929 M.
542 2883 632 2932 unnim
644 2883 709 2932 Pero
719 2918 726 2933 .
735 2916 759 2932 ..
769 2914 777 2930 .
787 2884 943 2944 παίσω
949 2878 1205 2940 eburacum...

102 2944 162 2990 dam
172 2943 204 2990 od
214 2945 322 2992 ultimam
331 2945 602 3008 prope....jnarrrrum,
618 2960 661 2995 uu
678 2947 755 2996 millio
768 2947 887 2995 maara
899 2943 1078 2996 ...muravit
1109 2943 1205 2992 Leuim

103 3003 170 3055 fluet
181 3009 275 3068 oratio,
286 3009 307 3056 ri
325 3009 473 3074 reposueris
484 3026 490 3058 ι
509 3009 615 3060 cobortes
631 3025 719 3074 quoque
735 3026 766 3060 ea:
775 3025 834 3072 ugr·
847 3011 934 3059 Piceno
944 3014 968 3056 et
981 3008 1013 3057 G.
1023 3005 1129 3068 allegit.
1140 3011 1163 3055 el
1173 3009 1205 3055 ud

102 3069 231 3119 altinum)
249 3071 357 3141 liopert.
391 3075 520 3125 Demdit
537 3089 594 3138 equo
609 3075 719 3138 dixitque
736 3073 805 3122 Edd.
823 3080 883 3123 aute
900 3073 1015 3123 Gronov.
1039 3072 1170 3119 darm
1181 3078 1206 3122 et

102 3147 147 3182 rex
159 3134 227 3186 Edd.
237 3143 300 3186 aute
312 3138 426 3188 Gronov.
460 3137 521 3186 Vid.
534 3139 598 3188 Not.
610 3140 737 3190 Vna-ll
755 3139 817 3189 Vel.
826 3138 871 3187 lib.
881 3137 950 3201 apud
960 3137 1050 3200 Sigon.
1061 3135 1101 3182 lta
1111 3149 1207 3184 Μι-

105 3199 138 3246 12
153 3199 279 3262 Capetum
290 3206 324 3264 et,
335 3215 410 3265 quum
421 3202 558 3252 delendam
568 3204 688 3266 cocejum
701 3202 744 3250 ulii
752 3209 919 3256 censuerunt,
929 3199 1141 3250 nuciniuinolurit
1152 3199 1205 3246 ltn-

104 3268 241 3322 perc-1³
257 3263 365 3314 &raudo
376 3281 423 3328 pro
435 3268 504 3330 vulg.
515 3268 575 3316 eluar
586 3281 620 3316 ax
631 3267 736 3329 optimis
746 3268 812 3317 Mar.
822 3281 881 3316 cum
890 3267 988 3316 Strotb.
1000 3264 1088 3326 recepi
1098 3269 1206 3311 auctore

105 3324 187 3374 Greu-
198 3329 241 3390 qui
253 3336 340 3378 tatueu
352 3331 480 3381 malebat:
499 3345 574 3392 mre,
594 3331 769 3382 olumdmrdo
787 3331 924 3380 dilutimear
938 3345 971 3379 aa.
984 3329 1002 3380 i·
1020 3325 1206 3392 quodomnium

105 3389 223 3440 arridere
232 3400 319 3455 potest
328 3395 423 3444 collato
432 3395 507 3444 simili
518 3396 576 3444 loco
587 3407 632 3444 ιιι.
641 3400 682 3444 86.
698 3395 853 3458 ‘Propriam
861 3395 963 3444 obviam
971 3394 1009 3443 ire
1016 3391 1151 3454 cupiditati
1160 3403 1206 3452 pa·

106 3465 163 3502 rum
174 3456 239 3518 auri,
253 3456 453 3510 obsecundando
469 3458 579 3524 (blande
596 3457 728 3524 cedendo)
743 3460 844 3510 mollire
859 3461 985 3525 impetum
1003 3453 1207 3522 aggrediuntur.¹

600 3590 710 3642 NOTAE

106 3686 160 3730 tum
181 3681 244 3731 illud
259 3697 394 3744 commupe
414 3687 509 3752 aliquid
526 3688 634 3739 liaberet
674 3688 759 3738 ‘Auri
771 3703 859 3738 omnes
870 3689 981 3737 immane
993 3681 1077 3742 net'ar,
1088 3692 1204 3743 auroque

104 3768 163 3806 curu
184 3771 231 3806 nen
240 3760 300 3824 eqni
312 3761 435 3812 dictatori
456 3763 633 3828 permiuo‚de
674 3764 771 3829 potiti)

104 3846 155 3896 quo
168 3834 243 3895 paulo
254 3843 342 3886 autea.
707 3838 713 3873 ¹
732 3841 770 3889 liu
785 3837 921 3888 coemtio
935 3831 1070 3894 mun]
1082 3829 1124 3878 Ru
1134 3828 1203 3890 erpi·

136 3905 217 3964 ‘0¹¹¹'
233 3913 359 3976 capitalem
367 3913 480 3972 fraudem
495 3914 561 3978 aaa]
589 3912 633 3963 Iu·
674 3915 765 3965 talium
787 3915 921 3966 eriminum
945 3910 1004 3963 raia,
1027 3911 1057 3956 ct
1080 3903 1205 3954 morari·

104 3983 202 4048 telligit
217 3989 338 4050 capitulis
357 3989 471 4039 criminis
488 4001 564 4038 reor:
588 4003 633 4039 uo·
673 3991 791 4044 uariare.
808 3988 918 4036 militurn
935 3984 1016 4033 millia
1030 3993 1078 4030 aex
1092 3978 1204 4028 collecta

103 4069 154 4122 que
166 4059 234 4110 enim
247 4063 344 4112 crimen
356 4064 412 4113 rina
425 4063 485 4114 dolo
495 4071 522 4113 et
534 4062 635 4114 frauda
673 4067 740 4121 uult.
751 4072 779 4113 et
791 4063 924 4112 Gallorum
935 4058 1025 4123 spolii·
1036 4060 1145 4105 umato.

106 4131 389 4188 stereometriam.
404 4153 427 4189 c.
439 4143 480 4189 26.
497 4138 639 4200 ‘capitatia'
706 4145 724 4174 ¹
740 4137 857 4202 Scuta]
873 4130 1127 4190 Normuuctlteeu·

104 4209 160 4259 auri
172 4212 306 4279 plerique.¹
339 4215 375 4266 Et
392 4216 466 4280 Vlrg.
477 4229 515 4266 vr.
532 4215 633 4268 AEueid.
