2917 4767
201 345 288 412 1970
669 357 705 406 n.
731 357 822 405 ιιιιι

204 507 332 588 quauta
356 499 562 580 indulgentia
587 499 792 566 Hannibalis
818 501 921 566 etiam
942 501 980 565 iu
1004 502 1161 584 captivos
1186 519 1317 565 omnes

204 605 316 672 Italici
338 601 483 666 nominis
503 603 634 679 luisset,
655 601 819 668 Punicam
842 601 1010 668 Romauae
1031 605 1232 668 sociotatem
1258 611 1319 666 at-

205 726 273 790 que
287 704 472 770 amicitiam
488 704 741 787 praeoptandam
755 723 840 770 csse.
883 705 923 768 Si
938 707 1038 768 ambo
1050 706 1205 770 consules
1227 724 1317 769 curn

206 808 277 870 suis
297 805 505 870 exercitibus
519 805 563 870 ad
578 804 703 870 Nolam
722 813 850 881 essent,
865 812 976 870 tamen
990 825 1056 870 uon
1072 807 1179 887 magis
1199 825 1319 890 pares

208 907 392 972 Hannibali
413 906 554 982 futuros,
569 928 670 992 quam
683 908 727 972 ad
741 907 877 972 Gonnos
891 908 1052 972 inissentt
1078 906 1200 972 nedum
1214 926 1318 992 prae·

208 1017 261 1074 tor
290 1028 389 1085 unus,
413 1029 488 1074 cum
519 1012 637 1093 paucis
666 1018 701 1076 et
728 1011 826 1075 novis
851 1010 1026 1086 militibus,
1054 1009 1178 1074 Nolam
1203 1009 1319 1074 tutari

209 1111 331 1193 possit.
374 1109 541 1192 Ipsorum,
557 1120 679 1195 quam⁷
698 1111 928 1188 Hannibalis?
947 1113 1120 1188 interesse,
1141 1119 1244 1195 capta
1271 1130 1319 1173 au

210 1212 334 1276 tradita
359 1213 450 1278 Nola
467 1214 647 1296 potiretur.
701 1213 890 1278 Potiturum
911 1215 1010 1292 euim,
1030 1219 1068 1276 ut
1091 1213 1205 1295 Capua
1229 1211 1318 1276 Nu·

212 1315 366 1398 ocriaqne
380 1315 506 1396 potitus
522 1324 629 1382 esset:
656 1315 730 1393 sed,
747 1315 828 1398 quid
843 1316 928 1379 inter
941 1314 1072 1397 Capuae
1088 1315 1119 1379 Ν
1123 1314 1324 1396 ocerireque

211 1415 396 1480 fortunamq
416 1415 602 1490 interesset,
618 1417 712 1499 ipsos
735 1435 841 1499 prope
860 1416 895 1479 iu
918 1417 1030 1480 medio
1051 1418 1134 1481 sitos
1154 1414 1322 1479 Nolanos

211 1515 308 1582 scire.
353 1514 455 1580 Nolle
475 1517 626 1592 ominari,
642 1535 718 1600 qum
735 1522 845 1600 captae
860 1517 935 1583 urbi
950 1537 1087 1582 cessure
1101 1519 1222 1581 forent:
1247 1515 1323 1579 sed

212 1619 329 1700 potius
353 1615 530 1700 spondere,
552 1616 582 1680 si
606 1616 807 1682 Marcellum
831 1637 909 1683 cum
933 1618 1095 1701 praesidio
1115 1637 1157 1681 ac
1182 1617 1317 1681 Nolam

214 1717 445 1798 tradidissent,
467 1717 628 1782 nerninem
653 1718 768 1794 olium,
794 1740 893 1802 quam
920 1719 1026 1802 ipsos,
1048 1721 1163 1801 legem,
1187 1737 1254 1801 qun
1278 1718 1323 1780 irs

214 1821 407 1884 societatem
423 1820 673 1904 amicitiamque
690 1821 895 1886 Hannibalis
912 1823 1073 1898 uenirent,
1087 1818 1273 1884 cinnum:

258 1921 313 1986 44.
335 1918 391 1988 Ad
408 1941 449 1986 ea
466 1921 658 1986 Herennius
674 1919 807 1986 Bessus
820 1923 1010 2006 respoudit:
1036 1929 1046 1958 ‘
1063 1919 1193 1985 Multos
1208 1937 1326 1984 annos

210 2022 282 2107 jam
298 2024 379 2086 inter
394 2021 585 2090 Romanum
601 2022 840 2106 Nolanumque
854 2024 1017 2106 populum
1031 2023 1212 2087 amicitiam
1226 2041 1329 2097 esse,

218 2125 317 2207 cujus
340 2107 476 2190 neutros
496 2123 538 2190 ad
555 2143 629 2188 eam
647 2124 735 2188 diem
750 2123 960 2206 poeniter03⁸
986 2131 1022 2188 st
1035 2124 1100 2187 sibi
1116 2125 1147 2186 si
1160 2141 1235 2186 com
1249 2124 1328 2186 for·-

219 2233 298 2288 tuua
324 2225 484 2290 mutanda
511 2225 595 2290 fides
621 2224 742 2301 suerat,
763 2231 862 2288 sero⁹
881 2224 953 2307 jorn
981 2244 1059 2288 esse
1081 2234 1205 2289 mutare
1226 2243 1328 2289 eam.

220 2325 396 2394 Dedituris
417 2346 454 2390 se
469 2326 659 2390 Hannibali
675 2344 741 2389 noo
756 2325 862 2390 foisse
875 2325 1109 2390 arcessendum
1127 2325 1328 2390 Romanum

220 2427 433 2510 presidium:
457 2447 532 2492 cunr
558 2427 614 2504 iis,
633 2427 692 2509 qui
717 2427 761 2490 ad
784 2445 823 2490 se
845 2427 984 2491 tuendos
1003 2428 1183 2503 venisseut,
1203 2431 1330 2494 omnia

222 2529 286 2592 sibi
310 2537 344 2592 et
368 2548 444 2592 esse
464 2529 668 2604 consociata,
683 2537 720 2594 et
740 2527 785 2592 ad
803 2528 955 2592 ultimum
974 2527 1066 2593 lore?
1110 2529 1190 2594 Hoc
1212 2531 1328 2603 collo-

220 2633 334 2715 quium
361 2633 501 2698 abstulit
527 2651 621 2714 spem
650 2629 839 2695 Hannibali
857 2650 924 2713 ‚por
949 2629 1172 2714 proditionem
1197 2634 1331 2714 recipi·

222 2733 316 2798 endas
340 2733 374 2798 N
378 2734 452 2800 oles.
497 2733 614 2817 ltaque
637 2731 804 2816 oppidum
822 2752 946 2796 corona
965 2733 1199 2810 circumdedit,
1219 2743 1258 2797 ut
1272 2735 1332 2797 ‚si-

224 2837 293 2900 mol
307 2837 349 2900 ab
366 2837 455 2900 omni
471 2843 562 2919 parte
579 2836 703 2899 moenia
717 2833 962 2916 aggrederetur.
1009 2832 1121 2911 Quem
1136 2840 1174 2898 ut
1188 2853 1332 2900 succes·

225 2939 311 3001 sisse
335 2939 436 3002 muris
459 2936 642 3002 Marcellus
662 2935 756 3013 vidit,
781 2936 946 3001 instructa
970 2938 1054 3000 iutra
1077 2945 1210 3019 portam
1234 2939 1330 3014 soie,

226 3058 303 3101 cum
319 3059 438 3122 magno
450 3040 593 3103 tumultu
608 3039 732 3121 erupit.
765 3036 906 3120 Aliquot
919 3039 1026 3122 primo
1040 3039 1166 3121 impetu
1181 3039 1334 3120 perculsi

227 3140 375 3222 caesique
386 3148 487 3220 sunt;
510 3139 598 3218 dein,
614 3157 782 3204 concursu
797 3139 840 3203 ad
853 3146 1038 3222 pugnantes
1053 3139 1178 3204 sacto¹⁰
1189 3149 1200 3176 ¹
1212 3158 1332 3224 aeqoa·

703 3318 867 3340 noenum

226 3442 243 3486 e
261 3439 364 3488 Heriem
377 3437 483 3486 Pettium
493 3437 558 3488 Mss.
576 3438 687 3488 Pettium
699 3438 767 3489 Edd.
780 3441 894 3488 nott-t
909 3443 918 3466 ⁶
931 3435 962 3485 ln
974 3433 1042 3486 Edd.
1054 3449 1070 3483 ι
1082 3435 1203 3496 Mogont.
1215 3432 1249 3483 ud
1260 3432 1332 3484 Gro—

229 3517 288 3551 ιιοι.
300 3517 349 3550 non
361 3504 385 3549 in
399 3503 485 3564 primis
497 3511 525 3550 et
537 3503 562 3550 iu
575 3503 639 3553 Mor.
655 3503 733 3565 mogh
742 3511 803 3553 ante
813 3517 884 3567 qnasi
895 3499 1038 3550 insertum!
1053 3499 1155 3562 liutpert.

689 3603 691 3608 Α
725 3647 835 3699 NOTAE

263 3744 404 3808 ulpicum,
416 3741 595 3806 [segienum
603 3743 762 3810 Hannibalis]
801 3743 949 3800 munierat,
968 3750 997 3791 st
1018 3741 1072 3790 suis
1088 3737 1191 3801 lapibus
1207 3739 1335 3789 uoebstm

229 3818 263 3870 ‘rb
279 3819 356 3882 maga
373 3818 447 3869 obest
466 3818 498 3868 sb
512 3820 616 3883 optimis
627 3820 712 3871 libris:
731 3821 761 3869 il·
801 3834 913 3884 saproc.
924 3823 950 3868 7.
977 3816 1093 3867 Nuceria
1102 3813 1172 3864 farne
1184 3815 1211 3863 iu
1221 3814 1335 3864 deditic-

232 3897 329 3961 ludquo
341 3893 491 3944 adverbium
509 3903 536 3942 et
552 3895 690 3944 Nestoret
704 3895 761 3957 ejus
802 3909 860 3945 nem
877 3900 999 3958 accepta,
1009 3889 1116 3955 direpta
1131 3898 1211 3954 atque
1227 3891 1335 3940 incensa

232 3973 375 4022 imitatione
386 3970 494 4020 Tacitus
508 3984 687 4033 saepenumero
697 3985 762 4036 neg·
800 3970 955 4034 iuerstcsp-
968 3974 1008 4020 15.

233 4049 316 4110 liquot
329 4049 354 4095 in
366 4047 558 4109 oonrpnrntiooe
569 4059 664 4096 rernm.
834 4056 844 4083 1
860 4045 1246 4106 [immantatum
1262 4043 1337 4106 [pug-

267 4129 279 4166 ι
296 4121 362 4170 later
372 4121 460 4184 Ccpuoe
469 4121 763 4187 Nucerioeqaefortrrnm]
803 4124 872 4187 ιιιιι]
882 4122 966 4186 sudo]
985 4123 1076 4172 Potest
1084 4135 1167 4185 pagan
1179 4119 1221 4168 rel
1231 4119 1268 4169 ds
1277 4123 1338 4172 lues

234 4196 324 4264 Capua
346 4193 444 4246 fudere
467 4197 492 4246 in
513 4204 601 4260 parter
623 4199 763 4250 Pacorum
804 4213 898 4264 pugn·
907 4196 1003 4262 accipi,
1011 4196 1094 4247 uelde
1102 4195 1340 4261 uimopunmdi,
