2917 4767
456 373 528 426 ure.
552 375 674 426 xxnr.
696 376 778 424 cre.
798 360 833 422 4.
1115 353 1202 424 1891

68 517 246 598 tactum
270 525 308 584 ut
329 519 438 604 ipsius
461 519 625 603 poenitere
647 519 800 584 homines
823 523 1006 603 appareret,
1021 537 1121 601 quem
1142 537 1203 582 arra

70 627 158 684 tem
180 622 217 684 in
242 620 317 705 ejus
332 621 570 686 substituerent
584 621 709 697 locum,
724 621 862 686 deesse:
885 621 967 703 quia
987 639 1050 684 nec
1066 619 1203 686 eosdem

70 723 265 786 nominari
282 721 471 798 attinebat,‘
484 723 567 787 nihil
590 722 681 786 aliud
705 741 807 805 quam
826 721 870 784 arl
892 721 1057 786 audienda
1079 722 1204 804 probra

73 825 303 902 nominatos,
316 829 349 888 et
364 823 468 888 multo
485 825 677 892 humiliores
695 825 972 906 obscurioresque
989 825 1090 886 ceteri
1110 825 1204 885 erant

75 925 157 1001 eis,
178 927 238 1008 qui
256 927 354 1007 primi
371 927 541 992 memoriae
556 928 786 990 occurrebant
831 924 887 990 Ita
910 924 1015 988 dilabi
1040 924 1204 1000 homines,

74 1030 313 1094 notissimum
336 1030 495 1113 quodque
518 1029 811 1096 malummaxime
831 1029 1031 1093 tolerabile¹
1057 1029 1204 1092 diceutes

76 1151 188 1207 esse,
199 1130 428 1214 jubentesque
444 1140 601 1196 senatum
616 1150 661 1196 ex
677 1130 835 1196 custodia
849 1130 987 1194 dimitti.

132 1234 176 1294 4.
202 1232 283 1298 Hoc
304 1233 405 1297 modo
427 1233 602 1298 Pacuvius
623 1252 699 1297 curn
725 1233 910 1296 obnoxium
936 1232 1015 1296 vitae
1040 1228 1207 1294 beneficio

80 1341 256 1398 senatum
269 1334 376 1400 multo
388 1336 454 1398 sibi
466 1335 587 1416 magis,
601 1355 703 1418 quam
720 1335 822 1418 plebi,
834 1334 987 1409 fecisset,
1003 1334 1077 1396 siue
1092 1334 1204 1406 aruris,

76 1433 170 1516 jam
191 1437 344 1500 omnibus
367 1435 913 1511 concedentibus,dominabatur.
957 1433 1051 1496 Hine
1073 1440 1206 1496 serrato-

83 1555 168 1612 res,
182 1536 307 1600 omissa
326 1537 497 1620 diguitatis
523 1537 757 1620 libertatisque
780 1537 952 1612 memoria,
967 1535 1099 1617 piebem
1123 1532 1206 1596 adu·

84 1634 226 1714 lari‚¹⁶'¹
241 1638 397 1716 salutare,
408 1639 551 1720 benigne
567 1639 719 1715 invitare,
729 1639 905 1722 apparatis
919 1638 1074 1720 accipere
1085 1635 1206 1717 epulis¹

88 1755 162 1802 eas
188 1757 313 1804 causas
338 1739 522 1822 suscipere,
547 1740 580 1802 ei
603 1757 735 1821 semper
757 1739 846 1822 parti
867 1738 1002 1814 adesse,
1021 1736 1205 1801 secuudum

92 1856 181 1902 eam
199 1839 293 1904 litam
311 1839 446 1923 judices
465 1836 601 1916 detra,¹7i
624 1859 701 1922 quae
715 1841 824 1920 magis
839 1838 1013 1923 popularis
1028 1840 1207 1922 aptiorque

92 1940 137 2002 in
152 1941 390 2022 vulgussarori
406 1942 619 2006 conciliando
635 1947 738 2006 esset.
780 1940 861 2006 Jarn
876 1959 955 2003 vero
971 1941 1051 2004 nibil
1066 1941 1099 2002 in
1111 1959 1206 2004 seua·

93 2047 139 2104 tu
154 2048 271 2106 actutu
286 2041 393 2118 aliter,
409 2061 512 2125 qnam
534 2042 565 2107 si
580 2041 687 2126 plebis
700 2041 750 2106 ibi
765 2040 891 2107 asset¹⁸
906 2042 1098 2108 concilium.
1120 2042 1208 2105 Pro·
1226 2061 1229 2065 ·

95 2159 148 2206 na
157 2161 292 2224 sempor
312 2142 434 2208 civitas
449 2144 483 2208 in
497 2143 676 2220 luxuriam,
690 2162 756 2208 non
770 2143 977 2226 ingeniorum
991 2143 1094 2208 morlo
1113 2143 1207 2220 vitio,

133 2338 149 2374 ⁴
167 2340 251 2404 Neque
269 2340 393 2390 sidem
404 2355 534 2402 congrum
544 2345 572 2392 at
582 2341 623 2406 qui
633 2345 690 2392 terr
700 2347 771 2393 erut
781 2342 912 2394 Senatores
920 2343 1108 2400 mento,
1116 2342 1171 2404 jaer
1180 2347 1208 2392 trt

98 2405 145 2469 qui
155 2407 221 2454 celat
231 2405 340 2468 protroa·
351 2405 467 2454 mutanti
475 2411 563 2455 emt.

568 2532 753 2555 ”nemu

139 2647 172 2694 16
192 2644 252 2695 vid.
263 2645 327 2696 Not.
339 2645 450 2698 int-rt
470 2647 540 2698 Olinr
552 2649 698 2714 legebatur,
714 2651 840 2700 mulera
854 2665 908 2700 m
921 2648 949 2698 ἐκ
965 2649 1008 2703 tiu
1018 2649 1128 2710 iudicent
1142 2651 1211 2711 clare„

112 2925 118 2936 ·
139 2921 153 2959 Ι
165 2917 434 2984 Notiorimurrquothrre
442 2921 529 2970 mlum
538 2921 640 2970 mim
680 2921 811 2972 senatorer
819 2923 945 2987 Campani
956 2921 989 2971 ad
1000 2923 1071 2972 literu
1080 2938 1210 2988 quamque

104 2993 243 3056 hlerrhilr]
267 2995 326 3044 lluc
339 2999 453 3058 pertinet
465 2997 528 3046 illud
542 2997 641 3061 Plauti,
675 2997 854 3062 Judicantlanr‚
864 2998 1003 3048 secundum
1014 3013 1080 3061 earn,
1091 3001 1213 3052 nimirum

105 3075 113 3098 ⁸
128 3077 190 3118 notr
202 3083 244 3117 rer
256 3071 322 3119 rarle
333 3071 431 3134 optima
440 3071 457 3121 ι’
474 3073 500 3122 lu
512 3073 641 3122 medicina
682 3082 794 3138 partem,
810 3074 891 3138 (quod
904 3086 996 3124 norrea
1010 3089 1024 3124 e
1042 3077 1160 3138 proximo
1171 3091 1211 3126 re·

106 3159 212 3208 quoque
229 3159 262 3193 er
276 3145 444 3209 Hippocratis
461 3145 540 3198 effeto
552 3148 597 3196 lib.
611 3161 642 3198 rt·
684 3150 848 3216 poterion)
863 3165 920 3216 qure
932 3152 1014 3214 magia
1026 3154 1156 3214 popularis
1171 3168 1212 3202 er·

107 3219 308 3282 apborirrnolto.
324 3221 643 3278 ‘rouruetnetsideterb
683 3233 735 3290 ret,
748 3227 852 3290 judicer
870 3227 972 3276 darent.
1011 3227 1079 3276 Gali.
1100 3225 1137 3277 lir
1155 3223 1213 3278 rlrrss

107 3309 165 3356 ora,
177 3295 259 3345 minus
271 3296 349 3346 noxia
359 3306 420 3349 runt
437 3314 513 3362 quarn
525 3297 646 3350 insueta?
682 3303 765 3350 acient
774 3303 816 3351 der
824 3301 904 3363 aare·
911 3301 1049 3361 [Μία
1066 3307 1083 3352 ὁ
1097 3305 1121 3351 lr
1135 3306 1214 3368 pertis

141 3369 269 3420 *Putem
288 3371 395 3435 adulari]
419 3371 586 3423 ASalnrario
605 3379 646 3424 ert
683 3379 725 3441 qru'
745 3377 810 3427 ruit
834 3379 857 3427 tr
876 3379 929 3441 pter
948 3377 1074 3427 decredit
1093 3381 1172 3441 peruri
1192 3382 1215 3432 tr

107 3445 263 3509 conjectura
279 3460 312 3495 ex
325 3447 455 3507 Paterno,
474 3448 517 3497 ubi
538 3449 646 3511 legitur,
682 3454 775 3518 propte.
796 3453 829 3502 In
841 3452 904 3502 Put.
914 3462 941 3501 et
951 3453 1011 3502 Pet.
1021 3455 1119 3502 nreliori
1132 3455 1214 3520 scrip·

106 3521 306 3584 pretendunt:
325 3523 408 3585 vulgo,
417 3523 601 3589 plebemfferi.
685 3534 740 3576 turn
763 3534 804 3577 ert
825 3535 892 3578 terte
910 3529 992 3578 Grou·
1012 3529 1145 3580 Securum
1164 3547 1216 3581 eant

142 3595 150 3630 ¹
172 3596 304 3648 &mua
333 3613 385 3646 euru
405 3597 453 3662 [ἐκ]
472 3600 538 3648 litent
551 3601 646 3662 ysaton
684 3604 751 3654 litem
764 3603 933 3665 mundare.
960 3605 1216 3656 Quoddebirreua-

109 3671 180 3737 dere]
199 3673 322 3738 Plerique
332 3675 421 3740 scripti
434 3679 472 3725 ric
484 3677 590 3740 babeat,
605 3693 641 3728 re·
683 3681 793 3737 toribus,
803 3681 824 3728 si
837 3695 884 3744 prr
902 3695 932 3730 re
946 3680 996 3742 ipsi
1007 3681 1167 3744 judicarent,
1179 3683 1216 3733 rie

108 3750 561 3811 meameantntitemjrn'cerdare:
574 3754 643 3818 quod
684 3755 794 3819 intelligi
814 3763 912 3818 potest,
934 3762 964 3805 nt
986 3758 1089 3820 quoties
1110 3758 1215 3819 judicer

110 3825 210 3888 optime
226 3829 347 3888 congruit
363 3841 420 3875 cunr
434 3827 556 3876 Romanis
567 3829 644 3876 muri·
684 3838 781 3884 errent,
800 3831 870 3878 litem
888 3828 981 3877 darent
1000 3830 1140 3878 seeundum
1160 3845 1217 3879 erar

110 3900 170 3962 bor,
187 3902 257 3963 apud
274 3916 339 3964 quor
350 3902 515 3964 nraqistrrtns
527 3903 645 3967 jndicem
687 3913 798 3968 partem,
815 3907 865 3952 tre.
905 3903 974 3952 Grll.
997 3903 1033 3952 lla
1042 3905 1167 3964 jugentent
1187 3921 1217 3955 ιιι

111 3977 275 4041 litigantibus
295 3977 384 4040 dabat,
408 3993 458 4027 noa
478 3979 534 4041 lpse
552 3993 600 4042 per
617 3991 646 4028 re
680 3980 810 4040 sermio
826 3979 851 4027 le
866 3977 946 4041 partie
962 3978 986 4025 lc
1002 3979 1219 4041 plrrrccrttlt'tm
1295 3988 1297 3994 '

110 4051 303 4103 controversiae
313 4052 531 4116 cognoscebat,in
540 4054 571 4102 iis
581 4067 646 4116 pra·
685 4059 715 4105 ttr
725 4055 879 4113 lutsetniert
889 4054 994 4114 θήκη
1002 4067 1096 4115 gesner
1103 4071 1132 4104 ru
1141 4069 1218 4106 crarr.

112 4130 212 4190 sertim,
229 4141 288 4192 qua
302 4125 365 4176 iacti
382 4138 478 4178 errent.
511 4129 646 4180 Quanti·
686 4131 747 4180 Hoc
765 4129 834 4176 entra
851 4128 991 4192 significat,
1012 4130 1078 4180 litent
1094 4134 1218 4184 recem

113 4217 163 4256 aas
183 4205 225 4255 bic
248 4203 299 4255 erit
319 4219 408 4256 rentur
426 4205 501 4272 liujus
523 4207 590 4258 loci:
616 4213 647 4258 at
685 4205 863 4272 utiquam
