2917 4767
719 388 753 437 Τ.
778 386 875 435 lerll

397 526 497 589 sordes
511 528 685 609 depressisse
702 548 762 589 non
779 537 943 599 contentus,
956 528 1046 587 etiam
1062 526 1234 608 pudicitiam
1249 538 1348 591 extor-

397 644 485 703 quere
511 624 644 696 instituit,
672 625 721 684 cui
742 626 809 703 jam
831 633 863 684 et
887 644 948 683 rem
973 622 1148 683 familiarem
1168 644 1298 695 omnen,
1319 636 1352 703 et

396 718 560 777 libertatem
575 720 668 799 ipsam
684 719 839 799 eripuerat
883 717 1000 779 Deinde
1018 717 1175 777 Veturium
1190 739 1348 800 aspernan-

397 822 467 882 tem,
481 822 512 871 et
533 814 649 893 quidvis
670 816 768 894 potius
787 834 878 893 quam
895 822 1008 873 tantm
1025 812 1168 891 flagitium
1183 816 1247 895 pati
1261 834 1348 895 pare-

394 916 467 977 tum,
490 908 658 969 verberibus
680 909 886 969 crudelissimis
907 908 1027 969 lacerat.
1063 907 1123 967 Ille
1143 909 1173 969 in
1196 909 1347 989 publicum

394 1022 425 1061 se
459 1002 628 1083 proripiens,
655 1012 686 1062 et
713 1004 752 1063 ad
779 1002 930 1063 consulum
957 1002 1085 1063 tribunal
1112 1003 1152 1063 ab
1178 1014 1348 1065 aecumente

395 1095 581 1157 multitudine
594 1098 748 1168 deductus,
759 1097 797 1158 de
810 1097 986 1159 intolerabili
994 1097 1168 1158 crudelitate
1181 1108 1213 1159 et
1224 1098 1349 1159 libidine

395 1190 545 1251 creditoris
571 1193 719 1272 queritur:
748 1202 780 1252 et
800 1194 983 1273 apparebant
997 1192 1118 1263 vibices,
1136 1194 1348 1273 verberumque

396 1294 525 1343 recentes
533 1295 621 1347 notre.
653 1287 798 1347 Consules
810 1288 908 1367 igitur,
922 1306 983 1347 rem
996 1306 1055 1347 non
1062 1287 1267 1365 negligendam
1281 1290 1348 1357 rati,

396 1377 433 1439 de
447 1398 484 1438 ea
491 1379 651 1441 retulerunt
658 1381 696 1440 ad
705 1391 839 1441 senatum
849 1402 857 1441 :
868 1382 1012 1461 dictisque
1024 1382 1173 1441 sententiis
1181 1382 1306 1442 Plotius
1317 1384 1347 1441 in

396 1492 542 1533 carcerem
551 1474 619 1533 duci
620 1478 732 1553 jussus,
740 1496 900 1556 omnesque
909 1495 961 1556 per
974 1484 1065 1536 totam
1079 1478 1192 1548 urbem,
1200 1486 1349 1557 quotquot

396 1568 460 1627 aeris
474 1568 562 1627 alieni
574 1590 665 1629 causa
677 1572 747 1631 nexi
762 1581 857 1643 erant,
872 1571 942 1649 lega
950 1569 989 1631 de
1002 1591 1039 1630 eo
1054 1572 1173 1649 negotio
1186 1570 1260 1642 lata,
1274 1572 1348 1633 libe·

396 1663 452 1722 rati
466 1670 543 1725 sunt.

437 1762 488 1818 26.
512 1757 585 1819 Non
595 1779 658 1819 sum
672 1762 796 1832 nescius,
810 1781 864 1841 pro
877 1759 916 1820 Τ.
928 1758 1057 1819 Veturio
1072 1760 1111 1819 ab
1123 1758 1189 1819 aliis
1202 1758 1347 1819 Publium

394 1850 553 1931 quendam,
562 1854 681 1924 tribuni,
691 1856 743 1934 qui
756 1856 831 1915 inter
839 1854 986 1914 Caudina
999 1854 1081 1934 pacis
1094 1862 1228 1913 auctores
1234 1853 1347 1924 fnisset,

394 1945 499 2019 lilium,
512 1950 682 2009 memorari:
705 1949 758 2009 sed
771 1960 803 2011 et
815 1970 892 2009 anno
906 1958 974 2009 ante
992 1950 1056 2011 brac
1075 1959 1208 2029 tempora
1220 1949 1347 2029 quadra-

394 2042 503 2119 gesimo
523 2042 700 2103 simillimam
723 2046 763 2105 ob
789 2064 908 2105 causam
929 2042 980 2103 lex
1000 2043 1038 2103 de
1064 2045 1148 2103 nexis
1169 2043 1230 2103 lata
1245 2043 1347 2104 fertur.

272 2140 303 2189 'n
322 2158 338 2189 v
352 2158 381 2194 rr.
395 2136 534 2196 Ceterum
545 2136 617 2195 nihil
632 2146 724 2207 vetat,
733 2146 768 2197 ut
774 2136 901 2217 plurium
909 2138 1114 2199 loeneratorum
1123 2159 1162 2198 ea
1173 2138 1348 2219 improbitas

268 2234 275 2251 ⁸
393 2228 496 2298 fuerit3
518 2240 550 2291 et
569 2231 657 2311 priori
676 2229 752 2309 lege,
766 2241 801 2291 ut
819 2230 865 2303 fit,
879 2234 969 2293 etiam
984 2252 1037 2313 per
1051 2231 1217 2293 debitorum
1233 2234 1349 2313 patien-

230 3090 313 3151 Zonar.

393 2324 465 2387 tiam
479 2325 553 2385 inter
561 2325 710 2403 angustias
722 2326 765 2385 rei
778 2326 930 2388 familiaris
942 2326 1014 2387 nibil
1022 2328 1228 2398 recusantium,
1239 2328 1348 2387 sensim

394 2418 540 2497 neglecta,
555 2419 687 2498 ejusdem
709 2420 838 2499 exempli
853 2442 954 2481 recens
968 2421 1080 2482 sactum
1101 2421 1295 2492 admonuerit,
1312 2431 1347 2482 ut

394 2514 423 2583 in
437 2522 584 2594 posterum
597 2534 634 2573 ea
654 2512 692 2573 de
709 2534 799 2575 causa
815 2515 928 2596 plenius
944 2524 1032 2596 atque
1045 2515 1213 2595 diligentins
1224 2535 1347 2576 carere·

393 2616 451 2669 tur.
494 2607 555 2667 Sed
576 2607 686 2687 populo
707 2627 766 2668 non
787 2610 876 2670 modo
897 2630 988 2681 nexu,
1002 2630 1104 2671 rerum
1124 2611 1214 2671 etiam
1227 2608 1347 2671 ioenoris

393 2702 506 2761 saevitia
527 2702 644 2761 liberari
664 2703 805 2783 cupienti,
819 2714 911 2782 gratae
927 2704 998 2765 licet
1018 2704 1136 2765 ultionis
1148 2704 1278 2784 legisque
1292 2706 1347 2765 inr-

393 2797 519 2876 petratio
540 2818 597 2857 non
616 2797 767 2857 satisfecit
809 2798 936 2869 Verum,
954 2808 988 2858 ut
1003 2799 1033 2859 in
1045 2799 1155 2859 morbis
1166 2798 1345 2879 quibusdam

392 2892 561 2963 acrioribus,
589 2891 781 2953 remediorum
803 2891 956 2972 diligentia
978 2912 1048 2955 curn
1081 2894 1231 2971 mitigabis
1249 2893 1346 2953 rideri

392 2995 500 3065 potest,
514 2988 608 3064 magis
621 2987 791 3048 accenditur
801 2988 903 3058 dolon
918 3008 976 3047 uon
989 2988 1083 3049 multo
1091 2997 1158 3068 post
1169 2986 1245 3047 adeo
1256 2988 1344 3049 esul-

392 3090 492 3143 carats
504 3102 549 3142 res
561 3092 615 3155 est,
631 3092 674 3155 nt,
681 3101 751 3144 cnm
760 3082 872 3143 tribuni
885 3083 980 3164 plebis
987 3082 1082 3161 legem
1089 3082 1128 3143 de
1140 3084 1223 3143 novis
1234 3083 1346 3143 tabulis

390 3194 503 3237 summo
525 3177 588 3236 nisu
611 3176 738 3256 perferre
755 3175 975 3247 contenderent,
997 3197 1092 3257 neque
1113 3177 1273 3240 minoribus
1292 3187 1346 3237 aut

391 3270 483 3349 copiis
495 3278 548 3329 aut
563 3271 667 3329 animis
675 3290 694 3329 a
706 3269 897 3331 creditoribus
910 3272 1099 3342 resisteretur,
1113 3270 1225 3352 plebes,
1241 3291 1345 3333 erenr-

247 3384 299 3431 nv.
313 3382 379 3448 Epir.
392 3362 442 3442 plo
469 3364 612 3441 majorum
638 3364 710 3425 urbe
737 3363 850 3438 relicta,
875 3375 956 3427 trans
982 3386 1097 3427 amnem
1123 3369 1154 3425 in
1174 3366 1344 3427 ianiculum

231 3462 269 3495 ¹¹·
391 3467 519 3517 moutam
529 3458 693 3519 secederet:
707 3460 855 3521 obstinato
867 3461 999 3532 consilio,
1009 3462 1064 3521 nisi
1078 3482 1109 3521 re
1122 3461 1290 3541 impetrata,
1304 3462 1344 3521 ad

390 3562 511 3631 penates
523 3573 591 3614 suos
605 3574 662 3613 non
679 3554 828 3615 redeundi.

431 3653 481 3710 27.
503 3646 581 3707 Cum
594 3669 697 3730 parum
713 3650 852 3711 adversus
869 3650 934 3709 brac
949 3650 1014 3729 opis
1028 3650 1057 3707 in
1073 3648 1241 3709 consulibus
1252 3660 1340 3720 esset,

391 3741 453 3819 (Μ.
468 3741 622 3805 Valerium
639 3746 787 3818 Potitum,
802 3745 839 3805 O.
854 3744 967 3804 AElium
983 3744 1129 3803 Paetnm'
1145 3744 1233 3805 luisse
1247 3746 1343 3823 conji-

390 3836 496 3915 ciunt,)
511 3838 550 3898 nd
562 3840 696 3899 ultimum
709 3840 810 3901 arduis
816 3838 995 3919 temporibus
1009 3839 1169 3899 remedium
1183 3839 1343 3900 deventum

245 3936 299 3987 ur..
314 3937 379 4004 aps.
390 3942 445 4003 err,
460 3943 492 3993 ut
505 3934 631 3995 uentu
643 3933 796 3997 diceretur.
833 3935 940 3996 Dices
951 3942 998 3993 est
1012 3934 1056 4001 Q„
1071 3932 1261 3995 Hortensius.
1297 3934 1342 4007 Is,

230 4014 273 4049 ⁸¹·
391 4026 608 4110 adhibitisque
621 4042 738 4110 tempus
750 4040 781 4090 et
793 4049 884 4090 musa
890 4028 1061 4110 postulabat
1067 4028 1293 4101 romanarum
1305 4048 1342 4093 ec

665 4218 680 4247 ⁸
696 4215 732 4268 A.
742 4218 778 4267 U·
790 4218 821 4268 C.
833 4222 890 4269 lflt·
906 4216 941 4270 A.
954 4218 985 4271 C.
996 4222 1055 4269 28⁸.
