2917 4767
199 285 365 405 1538'4
480 352 498 388 .·
682 346 915 399 ι.ιιιιι-·
1019 351 1021 359 ’

363 492 462 551 nuudo
473 492 531 551 tria
543 491 639 551 millis
651 492 812 572 periissent.
856 490 937 551 Hoc
948 501 1054 552 eventu
1071 492 1108 552 C.
1123 492 1231 553 Duilio
1244 510 1330 552 con-

198 593 264 641 Flor.
282 609 313 644 u.
325 598 350 643 2.
362 589 426 647 sule
439 590 578 649 adversus
589 588 721 647 Poenos
707 598 800 666 Juxta
818 588 1016 667 Liparaeorum
1038 589 1148 647 insulas
1167 600 1332 649 certat-um

199 691 283 738 zonat.
364 694 426 743 cst:
455 684 533 743 uude
559 704 682 761 maguus
702 683 850 743 Romanis
871 686 959 743 etiam
982 684 1090 764 praedm
1112 684 1235 755 fructus,
1266 682 1332 793 sed

364 780 451 857 longe
461 762 657 859 amplissimus
670 779 770 857 gloriae
783 778 929 859 fameque
941 780 1007 839 luit.

405 882 454 934 11.
466 875 592 946 Consul,
602 884 730 935 munito
743 876 870 934 terrestri
883 877 1015 935 exercitu
1019 874 1189 953 ,Segestam
1199 875 1332 954 profec-

202 982 288 1047 Polyb
365 980 423 1039 tus,
434 972 548 1042 urbem,
563 991 582 1030 a
595 971 749 1030 Poenisad
765 980 928 1030 extremum
941 973 1004 1051 spei
1020 972 1170 1041 adactam,
1183 970 1334 1051 periculo

200 1078 283 1128 zonat.
365 1068 493 1125 exemit:
515 1066 585 1126 inde
600 1066 764 1126 Marcellam
778 1065 937 1146 pugrraudo
948 1069 1039 1146 cepit,
1055 1066 1230 1125 Hamilcare
1244 1086 1330 1124 nus-

366 1182 454 1240 quam
469 1182 619 1221 occurrere
627 1181 715 1221 auso:
737 1161 974 1239 confirmatisque
988 1162 1142 1221 civitatum
1153 1162 1331 1221 amicarum

256 1256 259 1259 ’
366 1258 481 1327 animis,
500 1260 630 1317 mstate'
616 1278 683 1335 Jam
703 1258 892 1327 circumacta,
926 1256 1056 1316 Romam
1082 1256 1178 1315 rediit.
1222 1257 1332 1335 Cujus

221 1357 295 1407 Diod.
301 1356 353 1408 Bel.
365 1350 492 1411 discessu
504 1373 549 1411 res
560 1353 686 1412 Punicae
693 1351 991 1411 rursumeffiorescere
999 1362 1158 1431 coeperunt
1180 1352 1332 1411 Primum

204 1423 315 1474 ¹‘·¹¹¹¹¹
365 1448 443 1507 enim
468 1448 507 1507 ab
527 1447 679 1509 obsidione
706 1447 869 1527 Mytistrati
893 1459 960 1527 post
987 1448 1143 1527 septimum
1176 1467 1330 1516 mensem,

205 1549 292 1612 Polyb,
366 1542 467 1602 multis
478 1562 596 1602 sucrum
608 1542 792 1613 desideratis,
806 1542 1001 1602 discesserunt
1012 1542 1154 1602 Romani.
1199 1541 1332 1601 Deinde

366 1658 433 1698 cum
444 1640 519 1697 iuter
531 1639 609 1717 ipsos
622 1649 654 1697 et
663 1638 824 1697 auxiliares
836 1638 1015 1697 dissensione
1028 1646 1093 1697 orta
1105 1638 1223 1697 seorsim
1237 1658 1256 1695 a
1279 1637 1329 1696 le-

368 1735 503 1810 gionibus
525 1734 601 1792 iuter
622 1733 777 1814 Paropum
799 1742 830 1791 et
849 1732 993 1792 Thermas
1010 1742 1107 1792 castra
1125 1733 1226 1791 metati
1247 1734 1329 1791 socii

367 1838 474 1900 emant,
487 1829 606 1888 illorum
618 1828 757 1889 vecordia
768 1827 910 1888 utendum
922 1838 1003 1887 ratus
1021 1827 1191 1898 Hamilcar,
1211 1828 1327 1907 impro-

368 1924 432 1983 visa
439 1924 599 2004 irruptione
613 1944 702 2005 supra
714 1924 810 1983 millia
830 1933 956 2003 quatuor
976 1922 1105 1985 occidit:
1128 1942 1223 2003 usquc
1245 1923 1328 1982 mul·

236 2034 241 2045 ·
276 2067 284 2081 .
370 2027 433 2078 tum
447 2018 543 2079 abluit
555 2021 627 2098 quin
642 2029 722 2080 totus
735 2019 938 2079 Romanorum
953 2019 1100 2077 exercitus
1119 2018 1327 2077 eademclude

285 2166 293 2181 ,
375 2113 586 2175 involveretur.
632 2114 710 2173 Tum
728 2115 816 2191 igitur
836 2112 930 2173 multa
953 2114 1058 2172 iterum
1078 2114 1189 2193 oppida
1214 2114 1327 2192 purtim

371 2217 541 2286 expugnata
553 2218 622 2266 suut
634 2209 673 2266 ab
685 2205 886 2279 Hamilcare,¹
907 2209 1014 2288 partim
1027 2206 1191 2288 proditione
1202 2217 1305 2286 capta.

413 2308 462 2360 12.
484 2304 563 2367 Quae
576 2301 648 2379 licet
660 2301 769 2361 Βοιιιιι
781 2302 1011 2381 haudquaquam
1025 2303 1100 2362 laetis
1113 2304 1231 2363 auribus
1244 2304 1329 2364 acci·

372 2406 520 2476 perentur,
533 2397 613 2455 levia
629 2407 730 2456 tamen
744 2397 854 2457 damna
866 2418 927 2476 prae
940 2399 1048 2475 gaudio
1067 2397 1181 2459 navalis
1192 2398 1328 2458 victoriae

377 2492 596 2570 reputabantur.
639 2492 718 2551 Cum
740 2494 819 2552 enim
838 2493 982 2553 hactenus
1000 2493 1141 2553 Romana
1161 2492 1255 2552 virtus
1269 2502 1328 2551 ter-

274 2638 281 2651 .
376 2588 516 2646 rostribus
527 2586 614 2647 bellis
623 2587 1003 2667 invictamseprmstitisset,
1012 2608 1069 2647 non
1079 2588 1329 2647 absrelaetaban·

375 2684 490 2741 turisto
510 2682 611 2761 praelio
626 2683 837 2743 maritimarum
858 2702 974 2760 quoque
988 2684 1093 2743 virium
1114 2703 1173 2743 nou
1194 2692 1331 2743 oontem-

376 2777 504 2837 ueudam
516 2778 685 2857 opinionem
698 2778 853 2856 quesitam
875 2796 955 2837 esse:
977 2777 1055 2837 unde
1079 2778 1118 2837 sd
1136 2798 1219 2857 spem
1237 2778 1331 2839 totius

377 2872 449 2932 belli
461 2871 583 2932 mirifice
597 2872 778 2932 confirmatis
788 2873 894 2931 animis
904 2882 1052 2931 auctorem
1063 2872 1178 2950 decoris
1196 2873 1330 2933 inusitati

230 2987 288 3036 Tac
301 3001 332 3036 ιι.
378 2969 563 3027 novisetiam
575 2967 733 3027 honoribus
746 2966 867 3045 dignum
876 2966 1094 3044 judicaverunt.
1136 2968 1278 3029 Primus'
1271 2978 1332 3029 rte·

215 3051 280 3163 ff:
288 3054 368 3177 ἐμ
341 3114 368 3162 it.
378 3082 436 3169 que
450 3062 571 3122 Duilius
583 3064 720 3123 navalem
735 3063 914 3141 triumphum
926 3061 964 3121 de
983 3062 1093 3121 Siculis
1105 3070 1137 3121 et
1148 3062 1241 3123 classe
1256 3064 1331 3125 Ρω-

233 3178 286 3227 cic
295 3130 351 3227 cfr
379 3157 447 3216 nica
458 3158 520 3234 egit
537 3155 684 3217 Kalendis
704 3156 951 3217 Interculuribus:
973 3156 1098 3237 tulitque
1114 3158 1229 3229 civitas,
1248 3158 1332 3237 quod

216 3258 239 3291 c.
250 3248 290 3291 ¹³·
305 3242 359 3290 ¹⁴¹¹·
379 3252 508 3311 honore'
500 3260 558 3310 istc
570 3270 627 3309 non
648 3259 814 3321 contentus,
829 3251 920 3310 alium
940 3252 996 3311 sibi
1018 3252 1101 3312 nullo
1121 3253 1259 3332 exemplo
1272 3254 1332 3332 pri·

216 3306 282 3371 3⁹¹¹*
295 3321 363 3353 ”¹¹
380 3354 465 3405 vatus
477 3345 591 3415 sumsit,
605 3354 639 3403 ut
650 3364 670 3404 a
678 3364 762 3405 coeua
772 3344 905 3406 redeumi
918 3348 1070 3407 tibicinis
1062 3356 1138 3406 mter
1148 3357 1270 3407 centrum
1284 3346 1333 3407 fu·

233 3468 300 3517 pfl„
381 3438 643 3547 nalepraeluoeret
686 3439 836 3501 Columna
858 3462 975 3521 quoque
996 3450 1121 3504 rostrata
1142 3452 1333 3502 senamscon·

218 3533 686 3615 11ΗΜιιιιιιηιιιιιιιιιιιιοιο
705 3544 762 3607 est,
780 3556 818 3597 ex
833 3536 926 3597 Pario
949 3556 1090 3597 marmore
1111 3535 1250 3607 candido,
1263 3557 1333 3616 quae

221 3595 371 3708 νῗιιξῗιθι
382 3648 540 3690 mersurum
562 3640 773 3740 captammque
799 3632 918 3691 navium
951 3651 1112 3705 numerum,
1135 3642 1167 3693 et
1186 3651 1334 3692 summam

235 3722 306 3785 Pige.
317 3724 369 3770 An·
383 3725 553 3805 pondusque
578 3728 712 3805 ροοιιιιιω
733 3736 830 3806 capte
851 3724 1007 3805 complexa
1026 3726 1124 3789 adhuc
1143 3728 1257 3797 visitur,
1281 3711 1334 3787 sed

219 3786 268 3834 ω’
382 3821 498 3881 extritis
509 3830 656 3880 vetustate
669 3822 822 3881 vocabulis
835 3820 982 3901 pluribus:
1004 3824 1068 3882 auri
1080 3830 1179 3882 tamen
1198 3841 1335 3881 nummos

382 3926 485 3996 captos
493 3936 556 3977 asse
568 3926 613 3975 ter
621 3915 703 3976 mille
716 3916 926 3996 septingentos,
927 3916 933 3951 ¹
955 3927 1253 4016 argenteommsupra
1263 3936 1334 3977 ceu-

416 4116 433 4164 8
450 4114 492 4166 Ιιι
504 4113 618 4165 Crevier.
628 4130 661 4167 ex
675 4115 787 4171 zonara.
821 4114 889 4169 Edd.
897 4116 996 4181 priores
1007 4116 1037 4166 ιι
1049 4114 1172 4169 Ausim.
