2917 4767
457 405 531 452 ura.
555 405 677 455 xxrrr.
700 405 784 454 oar.
806 389 867 454 its
1121 386 1209 454 191⁷

74 551 211 616 minor
225 549 367 616 victoria
381 547 453 624 tuit,
467 547 584 631 iugens
597 568 638 614 eo
651 549 705 614 dio
718 569 786 626 res,
798 567 841 614 ac
853 548 982 626 nescio,
997 567 1040 612 an
1054 547 1206 614 maxima

78 650 164 714 illo
188 652 277 716 bello
300 657 394 732 gesta
419 651 503 715 sit.¹⁷
548 650 737 716 Nonninoi
754 652 843 715 enirn
862 652 905 715 ab
921 650 1115 716 Hannibale
1129 655 1207 714 tunc

80 754 322 817 vincentibus
333 752 358 792 ¹⁸
370 751 538 817 difficilius
553 753 642 830 suit,¹
654 770 754 835 quam
764 759 885 836 postea
899 753 1041 817 vincere.

141 855 205 918 17.
228 852 414 930 Hannibal,
430 871 491 935 spe
506 851 679 935 potiundae
697 853 795 919 Nolae
811 853 956 929 ademta,
972 874 1047 918 oum
1063 852 1207 920 Acarnan

82 955 316 1027 recessisset,
344 953 528 1018 Marcellus
558 955 741 1035 externplo,
768 955 896 1020 clausis
923 957 1032 1038 portis
1062 957 1208 1020 costodi-

85 1056 240 1138 busque
262 1055 449 1138 dispositis,
464 1075 506 1120 ne
524 1055 600 1139 quis
616 1057 838 1136 egrederetur,
853 1057 1071 1140 quaestionem
1086 1059 1120 1120 iu
1135 1057 1208 1122 soro

87 1155 147 1224 de
167 1157 221 1232 iis,
234 1159 294 1240 qni
307 1159 391 1222 oleru
407 1159 440 1222 in
456 1157 633 1241 colloquiis
644 1158 790 1223 hostium
800 1160 939 1238 inerant,
950 1159 1084 1226 habuit:
1106 1177 1210 1241 supra

89 1260 322 1342 septuaginta
334 1258 515 1324 damnatos
530 1259 726 1343 proditionis
738 1263 848 1326 securi
860 1264 1035 1345 percussit,
1047 1263 1207 1345 bonaque

91 1378 225 1424 eorum
234 1360 341 1443 jussit
355 1361 493 1445 publica
508 1361 623 1444 populi
637 1360 784 1426 Rotnani
793 1370 820 1414 ¹⁹
838 1383 931 1427 esse:
953 1369 996 1440 et.
1010 1383 1142 1428 summa
1157 1383 1209 1428 re·

91 1481 182 1526 raam
204 1464 336 1530 senatui
359 1462 491 1539 tradita,
513 1483 590 1528 oum
612 1465 761 1528 exercitu
784 1467 873 1528 omni
896 1465 1081 1547 profectus,
1105 1485 1210 1549 supra

96 1565 307 1630 Suessulam
331 1567 451 1630 castris
474 1567 594 1650 positis
609 1567 777 1630 consedit.
822 1560 963 1641 Poeu'us,
977 1566 1122 1631 Acerras
1143 1567 1209 1648 pri-

97 1685 199 1730 mum
226 1666 270 1731 ad
293 1667 519 1730 voluntariam
539 1667 742 1731 deditionem
767 1673 908 1731 conatus
927 1666 1097 1748 perlicere,
1117 1673 1209 1748 post·

99 1787 215 1850 qnam
236 1767 426 1832 obstinatos
448 1768 542 1843 vidit,
556 1767 711 1832 obsidere
726 1766 923 1849 indeatque
938 1785 1132 1850 oppugnare
1148 1785 1209 1849 pa·

99 1874 171 1934 rat.
224 1866 378 1932 Getarum
397 1866 592 1933 ‚Acerranis
616 1869 692 1951 plus
717 1869 831 1944 animi,
852 1861 952 1950 q'rram
975 1869 1105 1944 virium,
1126 1875 1209 1932 erat.

103 1969 246 2053 Itaque,
261 1969 440 2052 desperata
462 1969 568 2035 tutela
582 1971 687 2045 urbis,
698 1974 748 2049 ¹ut,
759 1969 1006 2033 circumvallari
1020 1969 1146 2034 moenia
1159 1971 1211 2033 vi·

104 2070 243 2147 derunt,
258 2071 362 2154 prius,
377 2089 476 2155 quam
499 2072 774 2152 continuarentur
793 2070 938 2134 hostiurn
959 2089 1073 2153 opera,
1088 2089 1147 2154 per
1158 2071 1210 2134 iu·

104 2171 267 2236 terruisse
285 2171 490 2236 munimenta
508 2171 745 2254 neglectasque
766 2171 938 2235 custodias
954 2172 1086 2235 silentio
1101 2171 1211 2235 noctis

107 2272 252 2355 dilapsi,
272 2291 333 2356 per
352 2273 427 2337 vias
449 2273 617 2355 inviaque,
640 2268 746 2354 quo²o
767 2291 933 2356 quemque
957 2281 1015 2337 aut
1035 2272 1210 2336 consilium

109 2383 171 2439 ant
191 2381 324 2440 error¹⁸
347 2374 433 2454 tulit,
455 2375 490 2440 iu
512 2373 614 2439 urbes
637 2371 845 2457 Campaniae,
869 2394 956 2457 quas
981 2376 1064 2440 satis
1086 2385 1210 2440 certum

573 2536 616 2556 m
619 2536 720 2558 ‘OOMO
723 2538 753 2558 Ν

109 2633 195 2683 tradit
207 2635 279 2684 Plut.
293 2635 318 2684 in
333 2635 457 2685 Marcello
471 2649 495 2698 p.
507 2639 563 2685 tot.
577 2635 710 2689 ubietianr
722 2643 819 2692 mouet.
830 2637 952 2686 minorem
964 2650 1088 2686 curarum
1099 2636 1211 2685 lrnatinrn

109 2712 246 2748 nnmerum
265 2715 280 2748 a
304 2700 375 2749 Livio
394 2699 549 2750 memorari!
566 2699 669 2762 Rapere.
704 2701 761 2749 Noa
777 2702 832 2763 plaa
843 2701 878 2748 D.
897 2701 1017 2749 Romana
1028 2701 1145 2749 Crevier.
1179 2698 1212 2748 In

110 2763 190 2812 Creu.
202 2765 263 2811 min.
273 2779 319 2813 noa
328 2779 353 2828 p.
368 2765 503 2827 quingentis
517 2765 635 2813 Romana
647 2763 815 2828 lagnon-lt
833 2764 880 2812 Vir
891 2765 982 2812 doctus
994 2779 1036 2828 agr.
1047 2764 1074 2815 J.
1088 2765 1118 2813 F.
1129 2763 1211 2813 Grau.

107 2831 181 2888 μείω
198 2831 307 2875 ert-18
322 2827 437 2877 ‘Vocem
450 2836 516 2888 turc,
535 2830 578 2878 cui
595 2834 677 2890 posteo
693 2829 844 2891 opponitur,
856 2842 871 2877 e
884 2829 965 2877 tribua
977 2829 1040 2878 Mra.
1054 2829 1141 2892 recepi
1153 2842 1211 2876 cour

110 2891 214 2940 Stroth.
226 2900 253 2940 at
262 2891 293 2938 ul
303 2893 449 2942 oiacmiirra
460 2893 509 2955 (ac.
523 2892 660 2956 Romanis)
671 2892 828 2955 ejiciendum
841 2891 920 2954 puto!
938 2893 1040 2952 Rapert.

147 2959 180 3003 ro
195 2956 284 3005 Varlra
298 2959 379 3020 papali
390 2957 492 3006 mmai
503 2957 597 3007 abrnut
615 2957 649 3006 ab
667 2957 735 3008 Edd.
747 2963 807 3007 ante
820 2956 1001 3007 Gronau-2⁰
1017 2954 1090 3019 conj.
1102 2955 1211 3019 Rrrpart.

607 3104 718 3156 NO'l'AE

112 3197 273 3262 aua-inquit
284 3197 440 3249 Gronovius.
465 3197 517 3248 Sed
526 3199 645 3249 Romam
684 3200 705 3248 ai
716 3199 864 3249 clareatitaa
873 3204 988 3248 sumatur
1003 3199 1119 3263 pro‚janr
1132 3199 1213 3248 viato-

112 3273 184 3324 itlaur
196 3281 237 3325 ert
249 3289 279 3324 ac
291 3288 323 3323 ex
335 3281 409 3338 parta
421 3275 602 3326 Romanorum.
683 3274 764 3331 ribus,
775 3272 800 3322 id
820 3281 869 3334 eat,
885 3273 916 3321 iia
932 3273 975 3338 qai
993 3287 1061 3322 nnnc
1073 3273 1106 3321 ati
1119 3275 1212 3323 Nolam

146 3349 643 3402 ¹Naaelaetertaatrtaanttaleetreea·
683 3352 831 3402 vincebant.
864 3351 933 3400 Illud
951 3365 1013 3399 sana
1030 3351 1129 3412 ingena,
1143 3350 1212 3415 qaod

114 3428 307 3494 titutiffleiliaa
312 3426 378 3489 fait]
394 3426 459 3479 Qua
468 3429 501 3477 rit
514 3428 644 3476 contentia
684 3437 745 3493 port
766 3429 929 3478 anneum
960 3426 1136 3476 calamitatem
1161 3426 1214 3487 pri·

113 3505 190 3568 trujna
211 3504 270 3566 loci,
290 3501 396 3552 difficile
414 3511 455 3552 art
474 3515 577 3566 capere,
595 3503 643 3552 nial
683 3519 752 3554 mirra
764 3505 884 3554 Marcelli
899 3504 931 3552 ad
953 3503 1045 3553 Nolarn
1063 3503 1155 3566 prelio
1166 3517 1212 3566 po·

115 3583 172 3644 qnia
183 3577 302 3629 docuerit
313 3579 415 3627 enatem
426 3576 516 3628 andern
525 3586 643 3642 ternpore
686 3584 760 3643 polan
772 3581 901 3630 manus
912 3593 942 3628 aa
954 3579 1048 3642 ararit,
1059 3579 1129 3628 ntu't
1137 3577 1214 3628 crea·

114 3665 144 3708 at
156 3657 239 3706 vlctoa
248 3663 276 3706 at
286 3656 400 3704 victores
409 3669 466 3704 eaaa
477 3669 563 3717 poaaa.
584 3656 643 3706 Hoc
683 3673 713 3708 ro
724 3658 750 3706 in
760 3658 853 3706 Bruto.
871 3656 922 3706 Hic
930 3657 1135 3706 Marcellnacorn
1144 3655 1215 3704 ainai

115 3732 183 3782 aidit
200 3732 277 3782 taor.
295 3731 381 3791 Valla,
400 3733 441 3794 qni
457 3731 580 3794 opinatur
596 3745 643 3792 pro
684 3747 762 3797 poaae
780 3731 956 3782 Hannibalern
967 3731 1090 3794 exempto
1109 3744 1155 3779 ano
1166 3729 1214 3779 ‹lo-

113 3807 260 3859 damatus
276 3805 413 3869 legendum
432 3819 499 3868 carr,
517 3813 562 3855 aut
581 3807 645 3856 riara'
683 3811 790 3865 oniarct,
801 3809 974 3857 Romanorum
987 3805 1087 3867 gladius
1097 3805 1149 3855 dlci
1160 3820 1215 3854 coe-

114 3883 200 3938 nlffi',
213 3883 268 3930 ⁵51⁶
278 3880 342 3930 vluti
351 3881 434 3946 wilt,
450 3891 493 3929 ⁸¹¹¹
505 3882 597 3929 'littere
606 3895 644 3929 ω·
684 3887 734 3951 pit,
742 3882 957 3950 quamadmodum
965 3882 1057 3931 Fablna
1064 3897 1151 3932 aarum
1159 3883 1214 3944 ely·

115 3961 170 4020 lito,
180 3973 226 4007 aaa
243 3957 337 4006 viarm
348 3962 423 4014 mlo,
436 3955 581 4006 Hannibale
596 3959 645 4008 aci·
685 3976 750 4026 pena
759 3959 913 4010 habebatur.

115 4035 188 4084 linet.
222 4033 287 4082 Mihi
299 4035 340 4082 vel
352 4033 490 4082 natantum
501 4032 605 4082 omnino
616 4033 646 4082 ll·
718 4043 730 4070 ⁸
752 4035 804 4084 Διί
824 4033 946 4082 mdiu
966 4035 1008 4080 aat
1026 4043 1093 4079 error
1113 4032 1215 4098 [terrac]

115 4111 161 4161 luri
171 4111 320 4160 aiaceatitaa
330 4111 449 4170 videtum
470 4109 510 4157 vel
523 4109 581 4171 ejus
591 4110 648 4158 ioco
688 4111 850 4162 Dubitautar
859 4108 974 4156 Gronov.
985 4114 1013 4154 at
1021 4105 1119 4169 Tanaq.
1131 4107 1215 4158 Faber

119 4187 295 4242 scribendum,
308 4185 444 4245 atsatjan
454 4189 549 4248 wplaa.
584 4185 649 4235 Pna-
690 4180 1071 4242 aetatcartoenrcntlatarrar:
1088 4182 1214 4232 rationare

119 4272 158 4315 aet
170 4271 257 4315 tannen
275 4263 308 4313 acl
327 4263 454 4312 Rornauoa
467 4259 535 4311 t‘orta
547 4259 648 4326 reterri,
689 4258 862 4321 correctionia¹
874 4258 918 4306 illa
934 4255 1034 4320 adjicit,
1049 4257 1119 4321 quoti
1138 4262 1215 4307 tarrar
