2917 4767
252 343 338 412 1888
722 355 758 403 Τ.
783 353 876 404 utvtt

252 521 340 588 suit:
364 519 461 597 alios,
484 537 555 602 prae
578 533 615 580 se
637 521 750 580 aetum
774 513 924 598 praedam
950 531 996 577 ex
1021 515 1108 595 agria
1130 517 1346 593 ostentantes,

252 621 449 705 obequitare
466 619 570 703 portis
582 617 697 702 jussit.
720 614 762 680 lu
778 635 877 699 quos,
893 617 976 698 quia
989 635 1049 680 nee
1063 617 1159 681 multi
1177 623 1211 680 et
1224 619 1349 683 iucem·

251 722 354 807 positi
371 721 583 794 uidebantur,
599 737 675 783 oum
688 718 959 801 turmaequitum
974 719 1155 801 erupisset,
1171 721 1217 783 ab
1233 721 1352 784 ceden-

251 825 344 889 tibus
371 822 525 888 cousulto
554 827 663 886 tracta
691 819 725 883 in
756 819 908 897 insidias,
932 821 1157 885 circumventa
1184 831 1266 886 est:
1296 843 1354 887 nee

251 927 415 991 evasisset
430 925 618 1008 quisquam,
634 921 692 986 ui5
716 921 1043 1005 marepropiuquum
1063 927 1099 985 et
1119 922 1213 986 lruod
1237 924 1352 1006 prucul

250 1029 362 1094 littore
378 1024 495 1100 uav'es,
503 1024 696 1109 piscatoriae
712 1024 894 1108 pleraeque,
908 1030 1104 1106 conspectae
1118 1024 1242 1107 peritis
1254 1025 1352 1090 naudi

251 1129 426 1194 dedissent
444 1119 614 1209 effugiumss
655 1125 800 1208 Aliquot
824 1133 933 1188 tamen
956 1143 997 1189 eo
1012 1126 1131 1208 praelio
1148 1127 1286 1189 nobiles
1302 1127 1353 1210 jn·

251 1247 355 1294 venes
371 1229 461 1312 capti
477 1227 712 1310 caesiquesuut
724 1223 758 1291 :⁶
772 1227 856 1290 inter
871 1243 957 1309 quos
968 1231 1004 1290 et
1018 1227 1157 1310 Hegeas
1173 1227 1353 1310 praefectus
1442 1252 1443 1271 ¹

251 1331 415 1413 equiturn,
439 1328 718 1409 intemperantius
744 1326 902 1391 cedentes
927 1333 1076 1404 secutus,
1100 1327 1258 1391 cecidit.⁷
1301 1327 1352 1391 Ab
1442 1396 1443 1405 χ

251 1433 333 1496 urbe
348 1429 573 1515 oppugnanda
596 1427 741 1494 Poenum
762 1425 993 1496 absterruere⁸
1012 1437 1196 1511 conspecta
1219 1432 1351 1506 moenia,

249 1533 508 1617 haudquaquam
521 1514 654 1614 promta
668 1530 901 1614 oppugnanti.l

292 1637 325 1700 2.
349 1633 434 1700 Inde
450 1631 604 1716 Capuam
616 1631 724 1696 flectit
738 1632 812 1708 iter,
837 1631 1062 1695 luxuriantem
1076 1632 1175 1713 longa
1189 1632 1353 1698 felicitate
1442 1650 1443 1659 ¹

250 1745 351 1822 atque
377 1735 581 1816 indulgentia
603 1735 761 1811 tortuosa,
779 1734 928 1797 maxime
948 1739 1073 1808 tamen,
1090 1735 1178 1798 iuter
1194 1743 1352 1820 corrupta

250 1841 375 1917 omnia,
398 1837 537 1902 licentia
559 1838 681 1921 plebis,
706 1837 779 1900 sine
804 1835 907 1900 modo
930 1835 1121 1900 libertatem
1151 1839 1353 1903 exercentis.

249 1941 405 2006 Senatum
421 1947 456 2004 at
470 1940 537 2003 sibi
557 1946 590 2003 et
606 1939 696 2023 plebi
720 1939 903 2002 obnoxium
919 1935 1114 2001 Pacuvius⁹
1129 1935 1293 2002 Calavios
1308 1940 1353 2003 se·
1442 2016 1443 2019 Ἴ

249 2049 361 2122 eerat;
384 2039 505 2106 nobilis
519 2039 608 2103 idem
621 2059 662 2104 ac
676 2039 853 2123 popularis
874 2038 988 2115 homo,
1003 2044 1147 2102 ueterum
1164 2040 1266 2103 malis
1279 2043 1352 2104 arti-
1442 2034 1443 2039 ’

248 2145 313 2208 bus
339 2149 519 2206 nanetua¹⁰
544 2161 640 2224 opes.
686 2141 722 2206 Is
744 2160 822 2205 oum
842 2140 1353 2224 eosorteanuo,quoresmale
1442 2154 1443 2223 g

249 2251 343 2326 gesta
356 2244 399 2307 ad
422 2243 652 2306 Trasimenum
668 2249 733 2319 est,
747 2244 781 2306 iu
803 2261 937 2307 summo
950 2243 1143 2324 magistratu
1154 2251 1261 2322 essm,
1280 2245 1352 2327 jam
1442 2248 1443 2321 l

249 2343 309 2408 diu
320 2343 473 2408 infestam
488 2344 618 2408 senatui
634 2343 763 2427 plebem
778 2351 883 2422 ratus,
896 2363 959 2428 per
973 2343 1188 2409 occasionem
1202 2346 1353 2411 uorandi

248 2463 314 2523 res,
329 2463 486 2526 magnum
508 2461 665 2507 ausuram
687 2443 830 2524 lucinus,
845 2454 896 2524 ut,
913 2447 943 2510 ai
965 2447 999 2510 in
1019 2464 1061 2510 aa
1081 2446 1159 2511 loca
1174 2445 1353 2512 Hannibal
1442 2452 1443 2493 l

249 2567 324 2614 cum
346 2547 475 2610 victure
501 2545 651 2610 exercitu
680 2547 838 2625 venisset,
862 2547 1032 2613 trucidato
1057 2555 1174 2613 senatu
1204 2549 1354 2616 traderet
1442 2550 1443 2581 l

249 2647 402 2732 Capuam
430 2647 567 2730 Poenis3
601 2647 924 2732 improbus-home
941 2649 1003 2712 seu
1024 2667 1089 2713 uon
1103 2650 1148 2714 ad
1163 2655 1352 2716 extremum
1442 2632 1443 2655 ¹

248 2749 410 2835 perditus,
433 2769 511 2816 cum
535 2747 654 2814 mallet
680 2747 852 2824 ineolumi,
873 2769 976 2833 quam
1001 2768 1131 2829 eversa,
1154 2769 1191 2814 re
1211 2753 1353 2833 publiea

250 2851 423 2931 demutari,
446 2853 571 2917 nullam
589 2857 699 2916 autem
722 2850 925 2916 incolumem
947 2869 1025 2916 esse
1045 2853 1197 2918 orbatam
1212 2854 1351 2936 publicu
1442 2840 1443 2869 ³

250 2955 390 3019 oonsilio
414 2955 573 3031 erederet,
589 2953 749 3017 rationem
771 2952 858 3030 iniit,
874 2972 943 3038 qua
964 2961 1000 3017 et
1021 2962 1171 3020 senatum
1194 2965 1351 3034 servam

250 3063 285 3120 et
301 3057 485 3120 obnoxium
506 3053 571 3119 sibi
595 3071 636 3120 aa
658 3054 749 3138 plebi
770 3053 911 3121 taceret.
956 3054 1094 3122 Vocato
1114 3065 1243 3136 senatu,
1259 3058 1349 3136 cum,

250 3158 335 3223 ‘sibi
358 3157 559 3224 delectionis
582 3158 626 3223 ab
655 3157 819 3224 Romanis
840 3158 1015 3223 consilium
1038 3159 1239 3243 placiturum
1255 3159 1350 3225 nullo

282 3323 293 3358 ὅ
312 3326 373 3383 Qua
382 3340 428 3374 nou
440 3323 476 3374 itu
486 3323 562 3385 facile
573 3325 704 3388 oppugnari
713 3329 833 3388 poterunt.

708 3451 889 3477 om

248 3554 301 3599 ret.
314 3547 358 3597 lib.
370 3547 439 3611 apud
452 3547 539 3606 Siron.
557 3550 694 3614 poturit—5
714 3549 756 3602 ΑΙ.
779 3553 886 3604 stria-d
903 3551 974 3603 Olim
992 3551 1138 3616 legebatur,
1154 3551 1243 3602 sutiles
1253 3551 1353 3614 issem

248 3613 304 3664 eost
315 3617 428 3662 sunt—l
447 3612 516 3662 luter
526 3628 582 3678 quor
591 3620 614 3664 et
627 3613 727 3676 Hegeas
732 3618 869 3680 profectur,
880 3619 921 3681 dr.
931 3617 1058 3680 aginta
1065 3623 1162 3667 matur
1174 3618 1271 3668 cecidit.
1292 3619 1350 3668 Vox

249 3679 340 3728 ultima
351 3677 419 3727 haud
432 3677 510 3728 dubie
521 3679 594 3728 veuit
602 3677 635 3727 ub
647 3693 689 3744 eo,
699 3683 744 3745 qui
754 3683 854 3733 livium
864 3683 1009 3749 ignor-mu„
1033 3683 1113 3732 Certe
1121 3694 1170 3744 ego
1182 3697 1230 3745 pru
1242 3683 1351 3733 liviam

250 3744 401 3793 nullatenus
414 3743 560 3794 admittam.
595 3742 671 3793 lutra
688 3759 748 3809 erp.
765 3751 806 3796 ts.
824 3747 873 3797 ‘Iu
892 3749 959 3796 haue
969 3749 1161 3796 dimicationem
1173 3761 1263 3796 onnes
1276 3761 1351 3810 reges

250 3817 395 3873 gentesque
408 3809 507 3858 animos
524 3808 712 3859 intenderunt:
729 3812 872 3876 interquos
883 3811 1021 3876 Philippus
1032 3811 1206 3862 llas-edonare
1217 3811 1284 3862 ΜΒ
1317 3813 1353 3862 Et

249 3877 286 3925 ita
298 3873 411 3938 passim!
427 3874 483 3924 Jae.
495 3874 649 3923 Granum-8
665 3874 812 3926 alutam
823 3877 893 3926 Edu.
905 3878 1023 3942 plerique
1033 3884 1095 3926 ante
1107 3877 1221 3927 Gronov.

281 3943 298 3988 u
315 3938 466 4004 Lagentium
478 3947 555 4004 putat
565 3937 654 4004 Sigon.
665 3939 787 3990 Paralius.
818 3941 851 3991 In
863 3949 927 3992 vett.
936 3939 999 3994 libis.
1008 3949 1048 3992 eat
1060 3939 1242 3995 Pucinum-lu
1259 3941 1353 3992 Noetu

744 4069 852 4120 NOTAE

250 4160 301 4212 tuit
319 4163 481 4226 Mopsiorum:
500 4163 637 4215 Cluverius
654 4165 779 4215 Statiano·
822 4165 858 4215 tio
870 4173 937 4216 erat.

248 4251 301 4287 rtmr
310 4235 373 4301 legit
384 4254 392 4299 ς
409 4237 455 4287 sed
467 4238 523 4290 uae
535 4239 616 4302 ipsius
626 4239 713 4290 Trebii
724 4238 778 4289 sac·
