2917 4767
206 372 309 445 1580Ι
679 384 715 435 ι’.
741 380 856 432 murt·

288 503 292 508 ι
360 528 489 613 jerando
498 529 569 589 lesa
577 528 758 610 quibuslibet
766 526 917 587 bominum
926 523 1051 585 inventis
1059 521 1205 603 simun
1219 540 1334 603 nuqua

366 629 471 688 rationi
488 630 726 697 consentaneum,
740 634 773 685 ut
789 621 925 691 macula,
937 620 1069 702 peccatis
1080 619 1234 679 bominum
1244 638 1332 681 con·

365 732 479 795 tractae,
492 742 629 802 pecorum
642 722 768 781 boumve
779 719 921 796 sanguine
933 716 1015 777 ablui
1027 715 1193 776 credantur.

404 825 456 879 63.
479 818 552 877 ‘Ad
565 816 701 896 mequod
711 817 829 884 attinet,
842 814 906 875 scio
917 813 989 873 mibi
1003 812 1184 888 Cartbagine
1196 821 1331 891 paratos

365 934 426 973 esse
448 913 593 973 cruciatus
613 932 744 990 magnos,
766 912 914 991 exquisita
930 918 1085 969 tormenta.
1119 906 1182 967 Sed
1193 907 1241 965 bis
1254 926 1330 967 om·

365 1010 451 1069 nibus
471 1009 580 1068 tristius
602 1028 664 1067 esso
685 1017 759 1087 puto
779 1005 869 1065 lislam
894 1003 1009 1065 fallere.
1050 1002 1124 1063 Hoc
1143 1003 1222 1062 enim
1243 1001 1328 1062 mibi

365 1103 495 1184 proiecto
508 1112 643 1165 noceret:
664 1102 718 1163 illa
730 1104 824 1181 magis
836 1100 874 1161 ad
893 1121 931 1161 aa
950 1120 1017 1180 quae
1028 1099 1109 1158 circa
1122 1097 1170 1157 Μ.
1183 1097 1329 1160 Aulion

364 1202 441 1270 sunt,
454 1220 544 1278 quam
556 1200 701 1280 adipsum
713 1198 884 1259 referuntur.
926 1194 1034 1257 Nolite
1042 1193 1250 1255 calamitosum
1264 1212 1325 1253 cx·

365 1296 503 1364 iutimare,
527 1296 657 1374 quisquis
670 1294 753 1354 terre
768 1294 969 1354 calamitatem
981 1299 1089 1371 potest.
1122 1289 1327 1359 Servium,

364 1398 553 1459 contemtum,
573 1390 716 1463 dolorem,
738 1389 878 1459 inediam,
899 1387 1027 1465 vigilios,
1052 1394 1124 1447 cum'
1140 1384 1222 1445 mala
1239 1390 1328 1445 nuni

364 1504 453 1565 quam
466 1486 640 1565 putaverim,
659 1495 726 1566 post
747 1487 821 1545 tanti
843 1482 1212 1564 temporis'aasuetudinam
1223 1481 1326 1542 ctiam

364 1580 488 1641 molesta
509 1582 626 1643 credere
648 1582 732 1643 desii.
765 1580 946 1641 Tolerabilis
965 1580 1044 1640 enim
1064 1598 1139 1648 esse,
1160 1576 1326 1638 tolerando

363 1674 474 1737 didici:
495 1677 613 1757 quodsi
633 1698 732 1759 supra,
745 1693 836 1758 quam
847 1677 887 1737 ab
899 1676 1017 1735 bomine
1037 1674 1106 1733 ferri
1126 1673 1249 1752 possint,
1273 1674 1328 1731 iu··

363 1771 534 1842 tendantur,
554 1793 612 1833 non
631 1774 670 1834 ab
689 1773 743 1834 illa
762 1781 888 1843 tantum,
908 1771 962 1831 sed
982 1772 1022 1829 ab
1041 1770 1122 1830 omni
1136 1768 1256 1827 miseria
1267 1787 1323 1827 me

362 1868 424 1926 cita
449 1888 525 1928 mors
538 1869 698 1930 liberabit.
740 1868 832 1929 Nibil
852 1868 941 1944 igituir
957 1862 1119 1925 timendum
1137 1883 1201 1924 csse
1223 1863 1323 1924 sirim

295 2044 298 2050 Ι
363 1970 486 2023 mortem
507 1984 565 2025 non
584 1965 718 2024 timenti:
739 1962 939 2042 quam'etiam
951 1980 1096 2039 occupare
1116 1946 1205 2018 licet:
1226 1968 1260 2019 et
1272 1958 1323 2019 ia-

362 2058 476 2131 uisam,
495 2060 551 2119 nisi
563 2061 618 2119 viri
637 2070 725 2128 esset,
745 2058 860 2118 vincera
872 2058 969 2136 potius
978 2054 1122 2126 dolorem,
1135 2073 1227 2133 quam
1237 2054 1325 2115 effu-T

363 2172 440 2229 gere.
483 2153 544 2213 Sed
565 2154 628 2213 baec
641 2174 737 2233 pauca
754 2162 786 2213 et
800 2152 925 2212 confusa
937 2151 1004 2211 idco
1017 2150 1092 2218 dixu
1107 2159 1142 2225 ut
1152 2170 1205 2210 vos
1217 2170 1325 2229 neque

361 2246 503 2308 dimoveri
516 2267 564 2307 mo
577 2269 661 2327 posse
676 2269 695 2308 a
705 2248 849 2309 senoentla
860 2246 982 2317 sciretis,
995 2265 1091 2324 neque
1102 2245 1204 2305 vicem·
1216 2254 1327 2308 maana·

362 2340 445 2401 velut
467 2342 592 2401 bominis
612 2342 740 2403 infelicis
757 2352 789 2401 et
811 2342 975 2403 calamitosi
994 2341 1220 2401 mbereoemini:
1242 2342 1321 2402 mibi

361 2455 433 2497 varo
444 2437 502 2495 mei
515 2435 630 2495 consilii
643 2444 708 2496 tota
726 2436 914 2495 ratio'lacilis
924 2443 957 2495 ot
967 2444 1104 2495 conanus
1115 2444 1177 2495 esti
1198 2454 1270 2495 nam
1283 2445 1324 2496 ut·

364 2530 575 2608 Carthaginem
587 2540 725 2600 ravenna,
739 2530 771 2590 id
783 2530 855 2591 mibi
865 2530 956 2589 debet
967 2550 1031 2591 essa
1042 2548 1139 2591 curse:
1160 2530 1234 2609 quid
1246 2551 1319 2611 pne

199 2645 351 2709 Tudiisuap.
363 2634 446 2684 sutus
468 2625 510 2685 ibi
535 2627 600 2697 sim,
623 2626 680 2686 erit
701 2625 791 2685 Diis!
831 2624 932 2687 Aiunt
952 2626 1052 2693 etiam,
1077 2645 1140 2704 quo
1164 2624 1320 2687 efficacius

199 2709 303 2822 qim·
314 2724 352 2759 '¹-
362 2730 493 2781 moverst
504 2720 691 2793 dubitantes*
704 2720 903 2797 confirmasse,
920 2727 934 2772 .‘
948 2721 1117 2799 priusquam
1131 2720 1318 2801 Cartbagine

360 2815 494 2877 dimissus
505 2828 592 2887 asset,
605 2818 662 2878 sibi
681 2837 828 2879 venenum
841 2816 960 2877 Punica
971 2814 1075 2875 fraude
1093 2815 1207 2887 datium,
1220 2818 1317 2895 quod,

360 2909 442 2971 lenta
464 2923 545 2993 peste
564 2916 681 2994 spiritus
702 2912 809 2973 vitales
828 2911 968 2981 exedens,
991 2910 1072 2971 iacta
1096 2915 1323 2990 permutatione·

363 3009 807 3071 restitutumsuiseousumsret!

400 3110 451 3163 64.
475 3104 658 3165 Horribilem
672 3126 741 3165 uero
759 3106 789 3165 in
807 3104 865 3163 boc
881 3102 945 3163 viro
964 3102 1079 3163 virtutis
1097 3104 1314 3163 constantiam!

362 3200 425 3276 qui,
445 3198 516 3258 dum
537 3203 576 3260 ab
589 3202 711 3261 honesto
725 3219 783 3260 non
796 3197 969 3266 discederet,
991 3197 1196 3267 contumelias,
1215 3200 1321 3259 cruci-r

361 3302 438 3362 atus,
462 3304 595 3365 mortem,
622 3295 764 3376 quicquid
788 3294 916 3373 denique
937 3294 1141 3354 abominantur
1168 3294 1320 3363 hominess

362 3390 468 3465 majori
480 3410 569 3469 prope
579 3390 765 3451 contentione
773 3399 891 3449 secutus
900 3400 955 3458 cst,
968 3408 1059 3467 quam
1067 3388 1120 3448 alii
1128 3390 1313 3450 vitaverant:

362 3481 427 3541 utili
441 3483 611 3545 mortalibus
622 3465 811 3554 documento,
832 3504 882 3543 eas
904 3494 1018 3544 tantum
1035 3485 1149 3544 animas
1160 3485 1314 3563 quibusvis

267 3606 269 3609 ·
361 3578 517 3638 terroribus
525 3600 619 3660 pares,
634 3581 807 3659 honestique
820 3578 1006 3660 proqarsitiad
1015 3588 1179 3641 extremum
1191 3588 1313 3640 tenaces

362 3690 435 3742 esse,
457 3694 524 3752 quse
545 3676 707 3736 nobilitatis
724 3696 785 3735 sum
805 3694 921 3735 sensum
941 3676 1062 3745 babent,
1081 3693 1172 3753 sequa
1190 3694 1249 3736 non
1269 3675 1312 3735 ad

362 3767 439 3827 banc
451 3768 538 3829 modo
551 3772 641 3831 vitam
655 3782 740 3831 natas
757 3791 821 3831 esse
834 3770 1045 3831 meminerunt:
1066 3790 1124 3829 nec
1133 3770 1213 3831 enim
1227 3790 1318 3833 acar·.

362 3863 470 3923 bitatcs
495 3874 592 3926 tantas
616 3866 662 3926 M.
687 3866 825 3945 Regulus
848 3873 951 3945 sponte
975 3864 1152 3945 perculisset,
1177 3865 1233 3925 nisi
1258 3876 1313 3925 aut

362 3957 492 4035 pulchris
514 3960 602 4021 iactis
628 3962 758 4039 ingentia
784 3971 852 4041 post
872 3969 996 4021 mortam
1015 3960 1077 4020 iore
1101 3962 1236 4041 praemia,
1258 3971 1318 4021 aut-

361 4054 510 4117 seeleratis
523 4058 654 4135 ingentes
666 4076 766 4138 poenas
776 4056 957 4117 credidisset.
986 4055 1082 4133 Igitur
1095 4058 1125 4115 in
1134 4055 1311 4117 mantiam

365 4146 411 4211 Μ.
430 4150 540 4229 Reguli
561 4154 641 4214 lacto
660 4151 924 4222 senatusconsulto,
944 4172 1013 4215 cum
1033 4160 1149 4212 moeatoa
1167 4162 1198 4213 et
1220 4132 1319 4214 iratos'-
