2917 4767
722 380 757 428 Τ.
783 380 878 427 tlvu

408 540 453 579 nse
466 520 594 597 legionen
606 520 729 590 bostem,
741 522 891 599 equitabis
911 516 1036 579 audacia
1050 518 1200 587 anim,
1212 535 1284 578 mox
1296 519 1356 579 in·

407 615 559 694 pulanrnt3
582 614 689 673 lnmtra
700 616 854 673 obnitente
874 610 1042 681 Herennio,
1060 614 1111 689 qui
1133 614 1270 671 omnibu
1282 614 1358 671 boni

405 718 436 767 et
447 709 530 767 ducis
550 718 581 767 et
599 708 700 767 militis
711 709 878 767 muneribus
889 726 927 767 eo
938 706 986 766 die
998 706 1124 776 mactus,
1137 706 1208 767 dam
1221 707 1356 765 redinte-

405 822 487 880 grare
509 802 636 872 ordinas,
659 804 783 862 retinere
808 802 961 879 fugientes,
986 801 1127 859 obsismre
1152 800 1359 878 ingruentibus

405 897 510 967 tendit,
522 916 618 975 neque
631 898 761 956 inhibere
773 896 874 972 fugam
884 914 1002 955 morum
1014 896 1122 973 poerit,
1134 904 1167 953 et
1178 894 1355 973 oppoituui·

404 998 495 1051 tatem
505 990 652 1051 evadendi
664 992 724 1070 ipse
738 992 846 1051 amisit
877 989 977 1068 (lapte
988 1008 1054 1048 curu
1066 989 1143 1049 duee
1154 988 1250 1047 millia
1265 989 1355 1051 Sam-

404 1087 508 1147 nitium
521 1095 663 1163 quatuor:
683 1085 723 1146 ad
737 1085 833 1145 millia
844 1084 949 1161 viginti
962 1084 1095 1163 prelium
1106 1092 1139 1143 et
1156 1082 1229 1160 luga
1245 1084 1353 1145 bause-

264 1204 294 1235 on
321 1222 328 1237 .
405 1190 480 1239 runt.
523 1180 624 1239 Etiam
642 1190 740 1239 castra
755 1180 882 1239 bostium
902 1180 932 1239 in
952 1188 1126 1257 potestatem
1138 1176 1260 1237 redacta
1271 1190 1354 1249 utut,

403 1294 470 1333 cun
485 1275 596 1351 ingenti
609 1274 718 1353 preda,
732 1292 821 1352 quam
832 1275 932 1333 statim
944 1274 1006 1351 agri
1019 1274 1145 1333 bostium
1157 1272 1218 1331 late
1230 1274 1353 1343 vestuti,

404 1369 568 1446 passimque
580 1378 761 1447 expugnata,
775 1378 827 1429 aut
845 1368 948 1427 dedita
957 1367 1068 1446 oppida
1080 1367 1246 1427 luculenter
1258 1386 1353 1427 auxe-

273 1494 316 1525 ιιο
335 1494 385 1525 .ιι.
404 1474 480 1521 runt.
520 1462 618 1521 Tanta
630 1483 723 1522 rerum
736 1463 1104 1523 commutatioaccesaione
1116 1463 1202 1521 ualuis
1222 1463 1354 1522 bominis
1451 1467 1452 1472 ’

403 1556 483 1616 lacta
491 1568 547 1627 est,
560 1566 593 1617 ut
605 1558 694 1637 paulo
707 1569 777 1617 ente
789 1558 883 1617 victor
894 1559 1040 1617 exereitus
1053 1558 1158 1616 evicto
1168 1556 1352 1617 cederetur:

401 1662 432 1710 et
444 1670 511 1711 eum
524 1653 739 1732 imperatorem,
747 1672 834 1731 aquo
846 1652 926 1711 lusus
938 1651 1113 1730 fugatusque
1125 1651 1228 1711 consul
1240 1651 1349 1722 luerat,

310 1734 313 1743 ’
402 1746 464 1825 ipse
486 1766 562 1805 nunc
582 1749 733 1826 captivum
755 1747 925 1815 abduceret,
947 1748 1048 1823 ingens
1073 1746 1183 1825 populo
1205 1745 1351 1807 Romano

400 1841 610 1919 spectaculum,
634 1850 665 1899 et
684 1850 885 1901 omanenmm
905 1840 1043 1919 triumplu
1063 1842 1128 1899 sui:
1161 1859 1249 1918 quem
1268 1860 1350 1901 auae

400 1936 540 2012 sequente
553 1936 591 1995 ad
602 1937 703 1995 urbem
716 1956 846 1996 reversus
856 1952 970 1995 summa
981 1936 1111 1995 oninium
1127 1934 1281 2025 voluntate
1294 1935 1349 1993 irn-

401 2032 535 2107 petrarit.

440 2131 489 2182 10.
513 2123 593 2181 Dum
603 2124 665 2182 haec
678 2143 699 2181 a
711 2123 813 2181 Fabiis
824 2123 854 2181 in
868 2122 990 2183 Samnio
998 2123 1248 2193 administrantur,
1256 2122 1349 2183 etiam

259 2242 323 2275 onir.
399 2216 474 2275 ulter
491 2216 603 2285 consul,
626 2216 667 2274 D.
683 2215 805 2285 Brutus,
826 2218 873 2276 cui
896 2217 1007 2277 Falisci
1024 2219 1178 2296 provincia
1196 2228 1347 2287 evenerat,

399 2310 540 2389 prosperis
552 2307 637 2367 rebus
655 2330 723 2369 usus
734 2318 787 2369 eet.
831 2311 950 2390 Quippe
970 2312 1089 2389 adjutus
1107 2332 1127 2372 a
1141 2313 1195 2391 Sp.
1210 2311 1349 2371 Carvilio

397 2404 505 2481 legato,
520 2406 602 2480 (nam
623 2413 653 2462 et
675 2404 769 2463 Bnrto
791 2404 921 2481 legatum
942 2406 1063 2483 adjungi
1082 2407 1259 2486 placuerat)
1281 2408 1370 2467 viro.

397 2499 538 2557 bellorum
550 2508 581 2557 et
601 2499 692 2558 bostis
708 2518 811 2575 gnaro,
832 2500 971 2559 dvorsus
990 2520 1079 2579 quem
1099 2501 1246 2580 superiore
1266 2518 1348 2562 auno

396 2592 497 2651 conml
507 2612 567 2651 rem
580 2591 705 2651 feliciter
717 2602 855 2669 gesserat,
868 2602 900 2653 et
910 2602 1016 2653 cetere
1024 2593 1273 2674 Etrurioepartern
1284 2616 1347 2655 noa

396 2690 534 2763 exiguam
560 2688 770 2766 perpopulatus
790 2697 846 2756 est,
872 2698 905 2746 ct
931 2688 1064 2747 Faliscos
1088 2708 1238 2749 occurrere
1259 2710 1348 2749 ausos

395 2782 497 2861 prelio
516 2782 597 2840 vicit.
641 2780 703 2839 His
721 2782 807 2840 rebus
826 2784 856 2840 in
870 2783 971 2840 urbem
983 2785 1135 2853 sentinis,
1148 2802 1216 2843 cum
1227 2792 1346 2862 tempus

395 2878 576 2935 comitiorum
588 2877 723 2945 venisset,
737 2875 928 2955 consulesque
940 2896 960 2935 a
972 2878 1058 2936 rebus
1070 2878 1204 2955 gerendis
1221 2881 1342 2939 avocari

396 2988 499 3047 parum
530 2989 547 3028 e
580 2970 732 3048 republica
757 2970 913 3040 videretur,
939 2972 1133 3048 interregnum
1157 2982 1202 3031 est
1227 2974 1343 3035 inimus.

234 3072 286 3121 Lis.
297 3088 383 3123 xxvii.
396 3062 530 3125 Iatcrrex
546 3064 580 3123 L.
596 3064 768 3125 Postumius
783 3065 943 3142 Megellus,
955 3067 1081 3125 comitiis
1093 3085 1160 3144 quse
1173 3068 1235 3145 ipse
1248 3059 1340 3127 lrabe-

234 3142 259 3186 ⁰·
394 3159 456 3228 tac
470 3158 570 3219 comui
583 3159 824 3219 sectantem:
846 3158 928 3219 aurio
945 3159 983 3218 ss
1005 3180 1071 3219 eam
1088 3160 1167 3219 sen
1190 3162 1339 3240 exempto,

226 3262 288 3311 -Lia
297 3268 381 3312 rust.
395 3263 585 3330 praeterquam
598 3252 693 3330 Appii
707 3252 840 3321 Claudii,
853 3252 933 3330 quod
951 3254 1044 3313 δοιιιιιι
1056 3274 1141 3315 nemo
1154 3255 1339 3333 probaverat.

436 3352 484 3402 11.
501 3344 561 3403 Sed
576 3344 769 3404 Postumius‘
781 3366 839 3404 non
849 3348 958 3406 minore
966 3350 1131 3425 arrogantia
1139 3350 1340 3425 magistrumn

393 3440 491 3514 gessit,
504 3458 593 3517 quarn
603 3448 767 3519 acceperat.
787 3440 858 3499 lam
869 3442 991 3520 primum
1005 3442 1159 3502 nobilitate
1171 3446 1295 3520 generis,
1308 3454 1340 3503 ct

393 3534 478 3591 tertio
491 3542 552 3591 tum
560 3534 712 3594 consulatu
723 3537 820 3614 inepte
828 3534 923 3604 ferox,
931 3536 1077 3613 collegam
1085 3538 1225 3615 cjusenni
1235 3537 1273 3597 C.
1282 3538 1337 3599 Ju-

232 3636 333 3701 Dionys.
341 3652 380 3701 sp.
393 3627 471 3685 nium
486 3628 621 3697 Brutum,
635 3628 784 3707 plebeium
797 3629 955 3701 bominem,
972 3640 1006 3689 ut
1016 3650 1048 3689 se
1062 3629 1147 3709 louge
1160 3632 1337 3706 inferiorem,

233 3700 314 3749 νὼ*
391 3721 462 3779 olim
474 3722 603 3780 habebat
614 3721 774 3801 despectui.
817 3724 863 3781 Ut
875 3743 944 3782 vero
956 3724 995 3782 de
1014 3726 1171 3803 provinciis
1190 3727 1239 3802 agi
1256 3748 1335 3807 omp-

391 3824 452 3873 tum
466 3825 520 3886 est,
533 3836 626 3894 neque
638 3836 807 3895 comparare
816 3838 884 3876 cum
895 3817 1000 3887 Bruto,
1013 3838 1108 3898 neque
1120 3820 1217 3879 sortiri
1228 3821 1335 3893 voluit,

392 3909 688 3971 ‘administrationem
702 3910 856 3971 Samnitici
865 3911 938 3971 belli
948 3912 1188 3973 extraordiuem'
1201 3934 1334 3995 poscens,

422 4065 628 4118 ⁰A.U.C.ttl.
646 4068 678 4118 Α.
689 4068 785 4118 0291.
808 4066 839 4115 L.
880 4074 907 4117 to
919 4068 991 4118 Coss.

391 4130 465 4179 Post.
475 4130 589 4195 Megellc
600 4146 644 4184 ιιι.
660 4134 691 4183 C.
702 4132 763 4184 luo.
773 4130 839 4181 sm·
