2917 4767
229 351 317 420 1974
702 365 736 416 u.
762 366 857 418 mvn

229 513 328 580 oredo
341 513 502 596 aliquam,
519 514 577 574 snt
595 529 691 593 spem
709 511 910 577 liberalioris
930 511 1076 596 militis)
1088 514 1185 580 mille
1198 514 1344 578 duoeuti

226 614 443 699 septuaginta
470 612 538 678 duo
566 613 712 697 equites,
732 613 829 678 mixti
852 613 888 678 N
890 614 1015 679 umidae
1042 599 1344 699 Hispanumque

232 714 429 782 Marcellum
451 714 713 798 transfugerunt.
759 715 883 780 Eorum
907 715 984 779 iorti
1005 716 1167 800 fidelique
1184 719 1345 799 operain

232 837 274 882 eo
289 817 377 882 bello
391 819 442 884 usi
453 825 532 882 sunt
547 837 641 900 saepe
663 817 819 882 Romani.
861 815 954 898 Ager
969 818 1141 901 Hispanis
1154 820 1190 882 iu
1207 817 1346 901 Hispa-

229 919 299 996 nia,
319 919 481 985 Numidis
500 920 535 984 in
551 917 669 983 Africa
687 926 767 1002 post
786 919 923 997 bellum,
939 921 1077 985 virtutis
1099 939 1220 997 causa,
1239 919 1345 983 datus

233 1030 348 1086 est.¹¹⁸
391 1021 575 1099 Hannibal,
590 1021 636 1084 ab
654 1019 750 1086 Nola
769 1023 912 1085 remisso
929 1021 964 1084 iu
980 1021 1133 1086 Bmttios
1154 1022 1342 1091 Hannone,

234 1144 312 1190 oum
338 1125 460 1208 quibus
484 1129 621 1188 venerat
649 1123 773 1206 copiis,
799 1123 873 1204 ipse
904 1122 1040 1207 Apuliae
1067 1124 1220 1205 hyberna
1245 1122 1342 1205 petit,

234 1228 385 1310 circaque
401 1224 516 1308 Arpos
532 1225 690 1288 consedit.
723 1223 770 1302 Q.
788 1223 925 1302 Fabius,
940 1232 978 1289 ut
988 1227 1174 1307 proiectum
1191 1224 1228 1288 iu
1243 1222 1338 1305 Apu·

234 1330 315 1393 liam
333 1327 554 1392 Hannibalem
571 1324 714 1396 audivit,
727 1325 896 1391 frumento
910 1327 954 1390 ab
967 1325 1060 1390 Nola
1075 1325 1297 1408 Neapolique
1308 1326 1340 1388 ia

234 1450 279 1494 ea
292 1435 402 1494 castra
416 1432 591 1504 convecto,
610 1447 688 1510 quae
703 1447 806 1512 super
820 1427 1020 1492 Suessulam
1033 1436 1142 1504 erant,
1156 1427 1342 1490 munimen-

236 1533 346 1613 tisque
359 1528 548 1603 tirmatis,et
559 1527 736 1610 praesidio,
746 1528 837 1612 qnod
849 1547 906 1612 per
917 1528 1064 1611 hyberna
1076 1531 1119 1594 ad
1132 1529 1343 1594 tutandum¹²

236 1633 349 1714 lponm
372 1629 456 1696 satis
475 1637 576 1705 esset,
592 1630 718 1704 relicto,
732 1630 808 1713 ipse
820 1628 976 1711 Capuam
991 1631 1131 1713 propius
1147 1630 1259 1694 movit
1270 1647 1342 1692 oas-

239 1742 300 1812 tra,
323 1749 504 1815 agrumque
527 1729 735 1812 Campanum
757 1730 843 1794 ferro
866 1729 1004 1812 ignique
1017 1737 1071 1794 est
1085 1731 1342 1812 depopulatus:

237 1835 346 1899 douao
366 1833 478 1898 eoacti
504 1839 583 1896 sunt
605 1830 784 1914 Campani,
806 1832 889 1896 nihil
914 1831 1096 1896 admodum
1117 1831 1252 1895 viribus
1271 1831 1344 1893 suis

239 1934 390 2012 fidentes,
406 1933 520 2016 egredi
535 1936 653 2016 portis
668 1941 703 1996 et
718 1944 829 1996 castra
842 1940 919 1997 aute
933 1933 1051 1996 urbem
1064 1934 1098 1995 iu
1113 1940 1236 2013 aperto
1255 1951 1345 1995 oom-

238 2039 376 2102 munire.
421 2036 491 2100 Sex
514 2035 621 2099 millia
644 2042 844 2098 armatorum
864 2034 1047 2109 habebant,
1062 2033 1211 2115 peditem
1228 2033 1344 2096 imbel-

238 2137 326 2201 lem:
349 2139 499 2222 equitatu
522 2137 598 2220 plus
623 2144 790 2218 poterant.
836 2135 958 2219 Itaque
978 2135 1191 2218 equestribus
1215 2134 1344 2217 praeliis

239 2237 453 2304 lacessebant
463 2239 609 2303 hostem.
655 2237 750 2301 Inter
764 2236 890 2300 multos
905 2236 1036 2300 nobiles
1050 2237 1184 2318 equites
1195 2236 1344 2318 Campa·

237 2359 302 2403 nos
326 2339 481 2405 Cerrinus
506 2339 676 2404 anellius
700 2344 813 2415 erat,¹³
837 2339 1037 2418 cogitamine
1059 2336 1202 2401 Taurea.
1249 2337 1346 2402 Civis

240 2439 388 2504 indidem
419 2445 534 2518 erat,¹⁴
558 2439 656 2520 louge
686 2438 834 2508 omniunt
862 2437 1111 2522 Campanorum
1140 2440 1347 2504 torti-aimus

240 2561 369 2626 eques3
392 2541 478 2605 adeo
502 2548 551 2618 ut,
566 2560 641 2605 cum
666 2540 756 2622 apud
780 2539 955 2604 Romanos
973 2540 1142 2617 militaret,
1163 2560 1253 2605 uuus
1270 2560 1346 2605 eum

242 2642 418 2732 Romanus
433 2642 599 2708 Claudius
614 2640 755 2706 Asellus
771 2640 879 2722 gloria
896 2643 1045 2724 equestri
1058 2650 1218 2725 aequaret.
1243 2643 1348 2705 Hunc

241 2745 375 2811 Taurea
386 2751 411 2792 ¹⁵
432 2763 506 2809 oum
522 2743 580 2808 din
596 2744 799 2828 perlustrans
814 2744 924 2808 oculis
945 2745 1182 2828 obequitasset
1196 2745 1347 2809 hostium

699 2904 884 2928 mmm

242 3025 307 3072 -ta
320 3021 395 3086 conj.
407 3022 519 3086 Rupert.
528 3027 654 3074 eota—ll
668 3023 756 3074 ‘Ante
766 3027 838 3074 dotus
848 3022 1050 3074 exinaniamus
1058 3023 1124 3073 Edd.
1136 3029 1235 3087 pratae
1245 3023 1348 3073 Stroth.

242 3087 341 3140 lusoria
352 3101 402 3136 vox
414 3087 485 3144 lotas,
503 3103 578 3149 quam
596 3089 691 3143 delevi,
707 3089 767 3153 quia
787 3105 803 3139 ι
822 3089 876 3138 Ma.
893 3088 955 3138 Put.
973 3087 1125 3152 duobusque
1143 3088 1201 3136 aliis
1219 3088 1304 3142 abest,
1320 3097 1349 3138 et

242 3151 320 3200 Livio
332 3151 392 3200 talia
403 3149 537 3214 ruoperto
544 3154 621 3217 (latua
630 3152 713 3216 dotus)
725 3154 793 3202 nsua
802 3152 969 3203 obtrudeuds
979 3151 1091 3202 videtur.
1118 3151 1151 3201 In
1163 3151 1273 3216 reliquis
1281 3154 1347 3201 ain.

243 3229 290 3278 pro
306 3216 370 3265 latua
389 3215 486 3280 iegitur
501 3219 575 3281 lom,
592 3218 661 3281 quod
680 3218 830 3267 restitutum
848 3233 864 3266 a
881 3218 981 3266 Stroth.
998 3217 1044 3265 sed
1061 3216 1095 3265 ub
1105 3216 1132 3263 b.
1143 3217 1161 3264 l·
1171 3217 1288 3267 alienum
1297 3224 1347 3266 eat.

241 3279 338 3332 Judiea
349 3281 476 3345 Doeriug.
488 3283 537 3338 leg.
549 3283 611 3332 intua
621 3281 772 3346 (aceeptus)
781 3289 827 3337 eat,
837 3292 865 3331 et
875 3281 1031 3344 ejiciendam
1041 3279 1072 3329 τὸ
1080 3283 1159 3337 datus,
1171 3289 1296 3343 tanqum
1307 3281 1344 3330 ia·

244 3351 479 3406 terpretameutum
489 3347 534 3396 τοῦ
543 3346 622 3396 lutus!
635 3347 812 3410 {inpetu-12
824 3345 926 3409 Optimi
939 3347 1003 3395 ldae.
1013 3347 1137 3408 petendum
1149 3359 1197 3405 pao
1206 3348 1348 3394 tundam:

243 3408 312 3457 uude
323 3412 446 3459 tenendam
457 3411 524 3474 conj.
533 3410 559 3461 J.
572 3412 600 3459 F.
611 3411 794 3461 timeon—lt
808 3412 941 3474 Campum
949 3410 1267 3459 «cemmendandam
1279 3409 1347 3460 Edu.

243 3483 305 3522 ante
317 3473 500 3524 (irenen-lt
518 3476 624 3522 ‘Malim
644 3476 743 3538 legere,
758 3475 820 3524 cloia
829 3476 892 3525 idem
902 3475 1032 3530 mmm,
1045 3473 1085 3523 vel
1103 3477 1156 3522 erat
1170 3475 1304 3537 nonan,
1319 3481 1348 3522 nt

243 3535 320 3584 litera
333 3538 365 3585 lt.
375 3537 535 3600 (Romanus)
547 3539 694 3588 excident?
713 3539 882 3603 liutpert-li
899 3540 1022 3602 Plurimi,
1039 3539 1155 3603 quamuis
1171 3553 1225 3587 aon
1244 3539 1348 3602 optimi,

161 3629 165 3636 ·
244 3597 309 3650 Mu.
321 3609 349 3651 et
360 3601 428 3650 Edd.
441 3609 502 3652 ante
515 3602 575 3652 Ald.
586 3603 638 3652 Hic
651 3605 754 3655 Taurea.

740 3750 848 3801 Nom

243 3843 288 3898 liu,
306 3845 376 3908 quod
395 3845 421 3893 iu
444 3844 565 3895 bonorem
583 3846 695 3896 Vulcani
717 3845 774 3896 fieri
814 3848 894 3896 aratia
906 3847 1094 3912 antiquioribus
1106 3846 1249 3909 reperitur,
1266 3851 1296 3894 et
1312 3846 1348 3892 ιΙ-

244 3919 388 3969 Mancellus
400 3929 604 3972 antenorem.
813 3933 943 3973 teratrum
965 3919 1089 3983 sustineri
1112 3927 1220 3986 potent
1237 3935 1297 3970 nam
1319 3929 1348 3969 st

276 4003 289 4030 ⁸
303 3996 412 4060 [luten]
427 3999 497 4047 datas
512 3997 559 4061 ut]
578 3999 662 4049 Notat
673 3999 774 4050 Grono-
814 3999 898 4048 ‘latos
909 3998 999 4062 agros’
1016 4000 1111 4048 Cicero
1122 3997 1201 4061 dixit,
1212 4005 1241 4046 st
1251 3997 1279 4046 ln
1290 3998 1347 4060 lege

245 4070 300 4118 vius
317 4070 346 4119 rb
364 4074 427 4122 latus
447 4089 496 4123 uon
515 4087 573 4123 esse
585 4075 609 4124 iu
622 4075 742 4125 Puteauo
758 4090 775 4125 a
816 4075 911 4124 Thoria
922 4075 1033 4124 babetur
1043 4075 1146 4138 saepius,
1156 4075 1349 4135 agminum:

245 4158 322 4194 mann
336 4149 435 4209 μήπως
452 4151 593 4213 ascriptum
605 4161 698 4214 postea
716 4165 774 4200 ease
816 4152 903 4203 malim
914 4158 1000 4202 tamen
1013 4161 1149 4215 utrunque
1159 4163 1322 4214 expungere.

242 4221 316 4280 loeas,
327 4235 385 4286 quie
397 4237 447 4274 vox
462 4225 487 4274 in
499 4225 629 4291 plerisque
640 4241 717 4278 mann
728 4241 774 4279 ex·
