2917 4767
465 376 537 423 ern.
563 374 677 423 xxiv.
700 372 784 421 ose.
804 358 838 421 6.
1112 356 1198 423 1997

69 532 254 617 poenates
268 532 304 563 ²⁰
326 528 360 588 ot
382 517 563 605 Epicydes,
586 516 657 583 nuti
683 513 896 597 Cartbagine,
922 512 982 577 sed
1002 513 1134 579 oriundi
1154 518 1198 583 ab

72 630 298 718 Syracusisr,
311 624 411 691 exule
424 641 504 697 avo,
516 619 618 683 Poeni
632 619 698 702 ipsi
713 624 865 682 materno
885 634 1016 699 genere.
1061 616 1128 681 Per
1138 619 1201 684 bos

68 736 206 819 juncta
232 730 393 795 societas
418 720 607 787 Hannibali
633 737 673 784 ec
696 719 912 802 Syracusano
933 724 1116 801 tyranno:⁰
1139 739 1202 806 nee

72 837 192 901 invito
208 827 415 898 Hannibale
425 823 515 908 apud
529 829 704 905 tyrannum
713 827 925 885 manserunt.¹
956 817 1026 901 Ap.
1038 818 1203 891 Claudius

76 945 237 1021 praetor,
266 933 367 1015 cujus
390 926 511 991 Sicilia
532 923 707 1009 provincie
732 924 812 998 erut,
837 922 895 985 ubi
918 940 958 985 ea
977 924 1121 1005 aceepit,
1143 942 1203 987 ex·

78 1038 222 1120 templo
243 1035 382 1115 legatos
401 1028 443 1092 ad
465 1026 708 1109 Hieronymum
732 1024 843 1088 misit:
867 1023 935 1106 qui,
960 1042 1036 1087 enm
1061 1042 1137 1089 sese
1160 1024 1205 1089 ad

79 1136 335 1205 renovandam
352 1131 559 1204 societatem,
582 1146 660 1209 quae
684 1146 762 1190 oum
776 1144 843 1189 nvo
859 1125 991 1203 luisset,
1007 1126 1140 1189 venisse
1156 1125 1206 1189 di·

82 1243 222 1315 cerent,
245 1256 313 1319 per
332 1230 510 1297 ludibrium
532 1228 636 1292 auditi
656 1226 851 1310 dimissique
871 1226 1015 1291 suntab
1035 1232 1206 1308 qnoerento

84 1361 151 1423 per
160 1342 298 1424 jocum
313 1335 536 1415 Hieronymo,
552 1334 651 1414 ‘qum
664 1328 795 1394 fortuna
809 1329 857 1391 eis
873 1346 994 1411 pugnae
1010 1327 1054 1391 nd
1071 1326 1207 1394 Cannas

85 1442 253 1507 inisseti
280 1439 338 1503 vix
368 1433 545 1500 credibilis
568 1431 657 1497 enim
679 1431 809 1513 legatos
836 1429 1039 1494 Hannibalis
1064 1448 1207 1493 narrare.

87 1542 214 1619 Velle,
231 1539 319 1625 qnid
335 1536 406 1603 veri
419 1536 476 1612 sit,
497 1533 596 1611 seire,
610 1538 648 1596 nt
659 1550 705 1596 ex
718 1550 773 1607 eo,
788 1537 897 1594 utrum
909 1549 1005 1613 spem
1021 1535 1210 1613 sequatur!

92 1645 292 1710 eonsilium
307 1637 442 1724 capiat?
486 1634 644 1713 Romani,
667 1638 678 1668 ‘
694 1651 771 1697 cnm
795 1632 879 1695 serio
893 1630 1078 1713 legationes
1093 1630 1207 1695 audire

94 1746 287 1829 eoepisset,
310 1741 477 1805 reditnms
500 1755 538 1801 se
562 1735 605 1799 ad
634 1732 724 1799 enm'
752 1731 902 1797 dicentes
928 1737 938 1767 ‘
961 1730 1059 1809 esse,’
1085 1731 1210 1795 monito

97 1849 217 1930 magis
233 1866 291 1923 eo,
305 1862 405 1927 qnam
427 1846 557 1921 rogato,
571 1856 613 1901 ne
626 1836 726 1900 fidem
743 1840 867 1900 temere
890 1840 1041 1909 mutaret,
1056 1832 1211 1917 proficis·

98 1954 242 2012 enutnr.
288 1944 519 2025 Hieronymus
532 1938 664 2020 legatos
680 1935 911 2017 Carthaginem
927 1934 1017 1999 misit
1036 1934 1079 1997 ad
1099 1933 1213 1999 soedus

102 2068 149 2113 ex
169 2048 342 2113 societate
361 2061 438 2107 eum
459 2038 655 2105 Hannibale
672 2036 876 2101 faciendum.
920 2035 1030 2101 Paeto
1045 2036 1212 2112 convenit,

102 2156 154 2227 ut,
169 2169 256 2215 eum
269 2146 446 2211 Romanos
461 2139 580 2205 Sicilia
593 2139 815 2219 expulissent,
829 2134 879 2219 (id
896 2143 1007 2203 nutem
1022 2136 1116 2201 brevi
1129 2137 1212 2214 fors,

108 2253 140 2315 si
165 2270 280 2316 navos
302 2256 405 2331 utque
418 2243 602 2310 exercitum
618 2238 817 2321 misissent)
844 2238 981 2306 Himera
1004 2242 1132 2319 amnis:
1155 2239 1215 2324 qui

142 2440 154 2466 ⁸
172 2434 214 2483 Ab
228 2431 366 2483 Hossibole
376 2444 404 2479 oo
415 2433 516 2493 tyrano
528 2426 678 2490 &meum
689 2422 776 2473 initum
787 2422 876 2483 soedus.

140 2504 157 2539 Ρ
178 2498 216 2548 Ut
227 2496 341 2548 deliberet
351 2508 448 2558 neom
457 2491 576 2541 odissent
587 2490 706 2549 mittut,
719 2488 878 2537 Remum
887 2502 914 2537 oo
927 2486 1060 2538 Paeonum.

578 2628 760 2651 ‘nuenton

113 2744 234 2791 est—2⁰
251 2738 261 2767 ‘
277 2738 341 2788 curn
360 2731 534 2799 Hippocratis
553 2736 581 2780 et
601 2728 725 2794 Epicydis
742 2728 845 2791 sapius,
865 2724 910 2775 sed
932 2726 1025 2777 nobilis
1046 2725 1218 2775 adolescentis

114 2803 279 2855 Hannibalis
289 2816 416 2865 nnsqnsm
432 2798 493 2848 alibi
510 2811 527 2846 n
543 2796 643 2845 Nostro
660 2793 758 2843 mentio
775 2792 838 2853 lirt3
853 2788 969 2850 inerunt,
987 2792 1030 2854 qui
1048 2790 1115 2839 buno
1133 2791 1219 2841 lecum

114 2878 270 2932 suspectum
281 2867 535 2926 iumentorumque
546 2860 584 2909 lts
593 2856 782 2909 emendandum
794 2862 947 2905 censerent:
959 2870 987 2903 ne
996 2854 1090 2904 remissi
1100 2854 1129 2903 ab
1140 2856 1221 2903 eodess

120 2933 264 2983 Hunibsls
272 2931 358 2980 nobiles
366 2929 523 2978 doemon
531 2924 692 2987 Hiyyoemtes
701 2927 763 2971 cett.
796 2919 849 2969 Sed
861 2934 939 2969 ennss
949 2920 1025 2981 nujus
1034 2918 1066 2966 de
1083 2934 1114 2967 eo
1124 2918 1221 2967 silentii

119 2996 190 3047 bend
211 2997 290 3046 dnbie
307 3002 357 3053 ost,
373 2992 441 3057 qnod
462 2991 504 3039 bie
515 2988 598 3037 redux
609 2988 642 3036 sb
652 2987 701 3036 bse
711 2984 840 3048 legatione
852 2983 885 3033 sd
898 2983 1122 3047 Cortbsginlrnses
1134 2980 1220 3031 lentos

120 3061 184 3115 nibil
197 3061 308 3124 amplius
319 3064 462 3108 memoratu
473 3055 577 3117 dignum
587 3050 698 3111 fecerim
714 3051 753 3099 illi
766 3063 836 3110 vero,
848 3062 906 3098 oum
919 3047 988 3110 spnd
997 3046 1161 3111 tymnnunas
1180 3060 1221 3095 rs·

122 3138 247 3176 onunnm
260 3124 450 3182 remansissent,
462 3132 502 3168 res
518 3118 623 3167 omnino
641 3113 877 3165 commemorandus
889 3112 924 3161 ibi
936 3110 1146 3172 designaverint!
1184 3125 1220 3159 os·

122 3190 189 3252 ring.
214 3188 276 3240 vid.
289 3189 353 3238 Not.
363 3187 476 3236 Vsu-1
492 3182 591 3232 ‘Forte
600 3182 651 3243 leg.
665 3194 708 3229 seo
723 3178 801 3228 invito
817 3177 858 3227 iilo
874 3177 937 3241 nysd
947 3178 1007 3226 inne
1018 3174 1057 3227 nn'
1076 3176 1222 3240 Rupes.-

619 3340 728 3394 NOTAE

130 3498 262 3551 Hannibal
278 3505 364 3548 sutem
375 3491 418 3545 bic
430 3488 655 3557 Certbnginieusis
696 3488 754 3552 ipss
766 3500 810 3536 ret
828 3491 869 3535 est
886 3484 954 3534 enim
972 3482 1038 3531 salso
1060 3494 1151 3543 sapora
1171 3478 1225 3531 sive

133 3584 196 3627 tunc
216 3575 373 3626 trierarchus
393 3577 462 3632 eret,
480 3575 533 3619 tsrn
557 3566 657 3629 origine
697 3578 794 3615 smero.
817 3558 1014 3623 Perootogints
1026 3558 1104 3606 millis
1116 3556 1226 3607 mediam

129 3668 206 3719 qnam
218 3644 589 3711 nstslibnsCsrtlrsginiensis.
697 3639 754 3690 fere
775 3639 888 3689 Siciliam
908 3638 946 3687 its
967 3634 1069 3691 dividit.
1093 3640 1123 3683 ut
1143 3636 1227 3685 alters

163 3739 175 3765 ‘
193 3732 295 3781 Him
308 3722 659 3789 nasis1bnosnnthoeno·
699 3730 759 3782 ynrs
779 3727 867 3764 verens
889 3725 1010 3761 occasum
1032 3708 1064 3759 sd
1083 3709 1228 3772 Lilybreum

132 3808 201 3857 mine
212 3808 239 3856 in
249 3806 339 3857 Sicilia
351 3801 433 3862 fluuii,
449 3812 557 3865 qnorum
577 3796 660 3844 minor
687 3788 917 3857 yrononrortnm:
936 3786 1059 3835 alterend
1076 3783 1228 3849 Pachynum

132 3887 159 3935 ln
181 3885 336 3950 Aquilonem
355 3887 384 3931 et
408 3890 479 3928 mare
499 3874 660 3939 Tyrrhenum
700 3876 729 3918 et
756 3867 891 3919 Pelorum,
919 3861 951 3911 nd
979 3867 1063 3910 ortum
1090 3858 1228 3921 pertinent.

133 3958 192 4012 fluit
199 3958 407 4026 juxtaoppldnnr
415 3951 532 4017 ejusdem
543 3948 661 4004 nominis,
701 3940 787 3992 Ambo
808 3939 835 3989 hi
856 3935 926 3985 fluvit
948 3948 981 3983 ex
1001 3932 1095 3982 montis
1111 3931 1229 3996 ejusdem

135 4040 212 4102 vulgo
223 4050 292 4087 nune
305 4032 423 4084 Temtai:
440 4027 525 4092 msjor
541 4026 569 4074 in
586 4023 661 4072 merl·
702 4012 834 4068 Nebrodis
846 4010 1030 4073 diversisJ'ngis
1042 4008 1167 4058 oriuntur.
1183 4008 1230 4058 So·

134 4111 202 4162 diem
210 4097 663 4173 marebibyoomflexoenrsnsnbit.
701 4084 1231 4155 linus,Mels,sliiqnsunumleoinnt,qui

138 4187 190 4238 Hic
200 4189 312 4239 omnium
324 4187 404 4235 totius
416 4181 512 4233 Sicilie
528 4175 661 4238 miximus,
702 4170 728 4219 in
741 4166 845 4217 diverse
856 4162 987 4213 decurrat.

139 4266 214 4329 volgo
229 4278 297 4315 nune
314 4261 409 4313 seculis
423 4263 531 4309 vocetur
545 4252 611 4303 Salei
628 4248 662 4300 sb
