2917 4767
716 366 874 417 mrvrl

441 514 490 569 la.
506 507 594 567 Forte
607 506 662 567 sub
676 507 753 568 idem
767 520 882 588 tempus
892 504 1049 567 Hannibal
1064 506 1366 587 Carthaginiensium

400 614 507 683 prator
529 605 558 663 in
582 604 780 684 Liparaeorum
802 606 910 683 agebat
925 596 1037 675 insulis,
1054 600 1248 683 quae'Sieiliae
1267 604 1367 683 adja-

254 707 346 763 Strubo,
362 707 380 754 l.
401 710 478 760 cent.
513 699 547 759 Is
558 699 660 759 audita
674 700 815 759 Hieronis
825 700 958 769 victoria,
968 709 1099 759 metuens
1113 720 1150 759 ne
1165 700 1367 759 Mamertinis

239 775 382 885 3ωὲᾔῶ
402 796 516 875 penitus
533 795 640 855 excisis
658 794 844 877 Syracusana
865 796 996 875 potentia
1010 794 1183 874 Carthagini
1205 796 1307 874 pavis
1325 805 1367 853 et

401 890 584 951 intoleranda
602 890 696 962 tieret,
718 892 814 970 specie
836 890 1009 969 gramlautis
1021 890 1060 949 ad
1074 886 1238 957 Hieronem
1260 910 1365 970 ocyus

400 989 498 1047 venit:
518 1006 644 1066 eumque
657 996 786 1046 moratus
798 1006 835 1046 ne
848 986 946 1045 statim
965 986 1004 1045 ed
1027 986 1195 1045 Messanam
1218 986 1361 1055 duceret,

401 1083 502 1141 urbem
515 1083 659 1160 ingressus
679 1091 724 1141 est
742 1082 829 1161 prior,
845 1082 1096 1159 Mamertinosque
1110 1080 1292 1141 deditionem
1307 1080 1360 1139 fa-

400 1197 466 1238 eere
479 1177 610 1238 volentes
622 1198 680 1237 uon
693 1178 782 1238 modo
799 1178 896 1237 verbis
909 1177 948 1236 ad
961 1196 1043 1257 spem
1057 1176 1216 1236 retinendae
1229 1176 1360 1236 liberta-

401 1273 439 1332 tis
451 1275 611 1343 revocavit,
625 1272 677 1332 sed
690 1272 780 1332 etiam
793 1272 960 1352 presidium
980 1292 1097 1331 suorum
1115 1271 1239 1331 militum
1260 1272 1359 1331 intro-

400 1368 496 1427 duxit.
539 1368 636 1427 Hiero
658 1368 766 1427 asmtia
786 1366 875 1426 Poeui
896 1387 927 1425 se
947 1366 1081 1426 delusum
1094 1366 1270 1444 intelligens,
1283 1386 1358 1426 curu

401 1461 441 1520 ad
452 1462 633 1522 obsidionem
648 1464 714 1540 jam
735 1459 927 1521 difficiliorem
947 1460 1076 1520 suturam
1088 1460 1168 1521 haud
1180 1462 1252 1519 satis
1264 1480 1357 1541 para-

400 1567 449 1617 tus
469 1565 555 1628 esset,
580 1556 742 1637 Syracusas
761 1555 865 1616 rediit:
887 1564 1088 1635 exceptusque
1101 1574 1207 1635 magna
1219 1557 1357 1615 omnium

239 1651 325 1720 Polyb.
336 1670 355 1703 1·
363 1660 388 1708 ⁹·
401 1652 516 1724 latitia,
529 1662 560 1713 et
572 1654 611 1713 ab
623 1653 767 1712 universis
775 1652 867 1732 copiis
880 1670 932 1711 rex
946 1650 1136 1720 acclamatus,
1155 1660 1257 1729 postea
1278 1670 1357 1729 quo-
1374 1724 1376 1727 Ι

401 1770 458 1828 que
483 1768 588 1808 nomen
614 1747 690 1808 istud
717 1748 826 1808 civium
852 1755 1096 1825 externarumque
1119 1764 1259 1805 consensu
1282 1748 1355 1806 reti-

400 1845 474 1904 nuit.

441 1946 491 2001 19.
514 1937 648 2000 Hierone
670 1938 809 2019 digresso,
825 1938 1007 2009 Mamertini,
1029 1956 1096 1998 oum
1117 1937 1256 1998 fiduciam
1276 1958 1353 2019 pau-

400 2035 488 2116 lisper
513 2036 721 2105 resumsissent,
747 2035 785 2095 de
811 2037 898 2094 rebus
928 2035 1118 2115 presentibus
1142 2032 1354 2105 deliberantes,

400 2131 475 2191 duas
486 2132 516 2190 in
534 2130 676 2191 lectiones
687 2130 903 2191 scindebantur.
946 2129 1013 2189 Alii
1034 2138 1044 2166 ‘
1064 2148 1122 2188 non
1135 2148 1197 2188 esse
1209 2129 1353 2188 dubitau-

399 2224 487 2284 dum'
500 2227 704 2295 autumabant,
719 2226 807 2304 ‘quin
822 2226 1108 2303 Carthaginiensium
1121 2223 1222 2283 tutelae
1237 2244 1269 2283 se
1283 2244 1354 2304 per-

342 2339 346 2346 ·
400 2320 564 2392 mitterent:
576 2340 644 2380 eum
655 2321 712 2379 hoc
719 2340 778 2379 non
788 2320 876 2380 modo
887 2320 984 2402 plures
992 2322 1031 2379 ob
1041 2338 1144 2379 causas
1151 2319 1353 2389 conducibile,

399 2412 451 2471 sed
472 2416 573 2481 etiam,
594 2414 721 2471 admisso
736 2417 802 2489 jorn
825 2415 970 2492 prasidio,
998 2414 1161 2473 necessitati
1182 2414 1353 2491 proximum

239 2520 323 2584 Polyb.
335 2535 354 2571 1.
364 2506 568 2572 eniteant!
609 2506 724 2565 Contra
743 2505 907 2579 dicebatur,
928 2517 1011 2568 ‘nou
1031 2508 1125 2567 minus
1133 2506 1265 2591 infensos
1279 2506 1353 2567 Ma-

401 2602 532 2663 mertinis
548 2601 658 2661 Poenos
677 2620 768 2679 quam
790 2600 955 2663 Hieronem
975 2603 1081 2663 fuisse:
1102 2622 1197 2681 neque
1209 2601 1353 2661 dalritarr-

400 2698 472 2757 dum
492 2696 562 2777 quin
583 2694 627 2754 illi
647 2714 706 2754 non
729 2694 944 2768 benevolentia,
958 2696 1010 2756 sed
1029 2696 1167 2776 cupidine
1179 2696 1352 2757 dominandi

402 2792 570 2853 anam
584 2789 741 2850 defendere
753 2792 915 2851 statuerint.
958 2792 991 2852 A
1013 2791 1112 2853 multis
1125 2795 1192 2871 jam
1213 2794 1351 2852 munus

401 2909 452 2948 eos
463 2888 614 2967 imperium
626 2886 766 2946 affectare
780 2886 903 2958 Sicilie,
916 2906 974 2947 nou
988 2888 1179 2958 exercittnrm,
1196 2903 1254 2947 non
1271 2888 1350 2947 olas·

401 2984 476 3043 sium
497 2982 617 3051 damno,
639 3000 675 3041 ue
697 3000 814 3045 suarum
833 2983 952 3061 quidem
973 3003 1069 3043 rerum
1087 2992 1166 3043 metu
1187 2984 1219 3041 et
1234 2982 1350 3041 Africis

401 3078 499 3149 bellis,
512 3078 552 3138 ab
565 3077 762 3157 improbaspe
777 3075 938 3137 deterritos.
982 3078 1043 3137 His
1064 3078 1151 3155 igitur
1170 3077 1194 3133 si
1214 3096 1245 3134 se
1266 3072 1347 3135 coin-

401 3174 531 3244 mittant,
544 3172 666 3233 clamem
679 3169 821 3240 validam,
834 3180 866 3230 et
878 3172 967 3251 ipsius
978 3170 1087 3230 Sicilia
1097 3170 1267 3251 pleramque
1280 3188 1347 3251 par·

401 3278 463 3329 tem
470 3271 535 3347 jorn
548 3266 757 3334 obtinentibus,
767 3266 828 3323 sine
841 3267 1013 3346 exceptione
1027 3266 1088 3325 ulla
1101 3267 1347 3348 serviturosesse:

402 3365 520 3423 minime
545 3362 632 3439 igitur
655 3358 795 3438 expedire
820 3362 920 3421 vocari
945 3361 1058 3421 auxilio
1078 3360 1345 3439 Carthaginienses,
1424 3362 1432 3377 '

401 3456 542 3538 populum
555 3458 754 3535 impotentem,
769 3454 902 3529 infidum,
918 3458 1091 3537 graviusque
1107 3458 1214 3537 jugum
1226 3458 1344 3536 imposi-

400 3561 508 3623 turum,
522 3571 610 3631 quarn
627 3570 646 3611 a
662 3550 854 3631 Syracusanis
870 3552 1040 3613 timuissent.
1083 3551 1260 3613 Presidium
1279 3551 1343 3612 Pu-

401 3647 509 3717 nicum,
522 3648 547 3705 si
559 3667 597 3707 eo
608 3655 723 3708 tautum
740 3646 862 3707 oonsilio
874 3648 1011 3719 venisset,
1025 3666 1060 3708 ne
1074 3649 1103 3707 in
1117 3666 1220 3707 manus
1234 3646 1345 3707 Hiero·

400 3744 445 3803 uis
458 3742 636 3803 Mamertina
655 3744 760 3803 civitas
781 3742 932 3815 incideret,
952 3762 983 3802 re
998 3746 1064 3821 jam
1085 3743 1214 3824 perlecta
1236 3742 1343 3803 dimitti

400 3840 478 3899 bona
499 3859 566 3899 curn
585 3840 679 3916 gratia
699 3858 800 3918 posse:
822 3840 845 3897 si
861 3858 921 3919 qua
937 3858 1008 3899 vero
1020 3838 1201 3899 clandestina
1213 3838 1343 3898 subesset

401 3932 522 4005 molitio,
532 3936 621 3995 etiam
634 3935 787 3995 intentiore
800 3936 896 3995 studio
910 3935 1043 4015 ancipitis
1057 3935 1193 3995 amicitia
1206 3932 1342 3994 fallacias

401 4030 551 4106 praeveniri
570 4024 713 4110 oportere.
755 4029 909 4090 Romanos
924 4031 1011 4108 igitur
1030 4031 1126 4110 potius
1143 4028 1339 4109 implorarent,

400 4124 633 4199 armisinviotos,
652 4125 711 4186 fide
733 4134 912 4207 prestantes,
932 4145 1027 4205 neque
1047 4144 1165 4187 causam
1183 4123 1339 4195 retinendae
