2917 4767
205 277 291 343 1494
492 326 497 333 .
693 290 729 337 r.
752 288 849 338 mvn
883 325 888 333 .

204 435 288 482 zonu.
366 431 460 492 auctis
466 432 533 509 jam
547 448 682 490 suooessu
703 448 799 489 rerum
812 428 929 509 opibus,
946 426 1075 487 eumad
1097 446 1166 489 eam
1192 426 1294 493 diem
1312 446 1359 487 m

220 498 284 547 Plin.

205 565 341 611 ,mm
365 525 568 587 tanmmmodo
583 524 692 585 Rome
712 525 743 584 in
767 524 929 605 promiscuo
950 525 1083 603 pecunie
1100 545 1152 584 usu
1182 524 1315 583 fuisset
1327 532 1359 581 τ’

365 632 427 682 tum
447 631 546 682 autem
567 620 679 681 denarii
700 620 894 701 quinariique¹
907 640 946 679 ex
968 629 1089 697 argento
1102 622 1181 689 cusi,
1210 620 1277 698 qui
1294 640 1354 699 pro

365 718 447 777 libris
456 717 583 778 ‚totidem
597 719 788 784 aerisessent;
810 715 920 795 aliique
936 716 1071 786 minores,
1093 716 1144 796 qui
1167 714 1354 795 dupondio

365 824 397 873 et
408 813 525 873 sensiam
537 833 606 873 cum
616 813 844 880 'estimarentua
858 832 898 871 ex
911 832 942 871 re
952 816 1020 871 sunt
1032 811 1154 870 sestertii
1165 810 1351 891 appellati.

238 905 243 916 '
263 904 287 951 ·’
367 909 493 968 Moneta
504 909 586 969 dicta
597 909 677 989 quod
698 909 728 967 in
752 908 815 967 aede
829 906 954 967 Junonis
968 906 1143 987 Capitolina¹
1153 904 1350 966 cuderetur.

366 1003 538 1083 cognomen
552 1005 630 1064 enim
642 1003 716 1063 illud
729 1002 855 1063 inditum
867 991 978 1062 iunoni
991 1003 1098 1073 luerat,
1118 1002 1233 1082 quodi
1258 1000 1348 1060 bello

365 1098 477 1179 Pyrrhi
498 1109 530 1160 et
549 1098 710 1160 Terentino
723 1098 919 1159 'consulentes
946 1096 984 1157 de
1005 1099 1202 1178 pecuniarum
1230 1098 1346 1177 inopia

366 1194 521 1256 Romanos
532 1196 700 1266 monuimet,
723 1196 901 1274 ‘pecuniam
922 1193 1101 1254 non'defore
1117 1194 1287 1272 justitiam
1311 1202 1345 1251 et

366 1312 448 1352 uma
468 1291 653 1351 colentibus!
674 1290 840 1351 ,Consules
853 1290 909 1355 ZQ.
931 1288 1050 1359 Gallus,
1077 1289 1116 1350 C.
1140 1288 1271 1348 Fabius'
1301 1288 1343 1346 ad

365 1386 670 1467 comprehendendum
685 1385 812 1467 lollium
832 1385 995 1445 Samnitem
1016 1384 1139 1465 profecti
1160 1394 1259 1444 sunt:
1285 1385 1341 1463 qui

365 1502 433 1541 eum
442 1482 530 1542 obses
543 1481 651 1541 Romae
666 1481 780 1551 fuisset,
803 1481 881 1541 elam
902 1480 1030 1561 elapsus,
1052 1479 1174 1540 castello
1191 1479 1339 1559 quodam

365 1587 511 1657 occupato
533 1578 663 1638 faciebat
685 1577 850 1648 latrocinia,
872 1576 1118 1656 populariumque
1139 1577 1266 1635 animos
1281 1574 1335 1633 vix

364 1672 462 1733 adbuc
474 1681 556 1733 certa
568 1694 642 1754 pace
656 1675 834 1753 compositos
846 1671 885 1732 ad
898 1672 1094 1732 detectionem
1109 1672 1277 1731 incitabat.

405 1776 435 1832 7.
449 1769 554 1849 Atque
567 1770 592 1829 is
603 1769 723 1847 quidem
732 1788 801 1828 cum
810 1768 1018 1828 collectitia'et
1028 1767 1190 1827 maximam
1200 1775 1333 1847 partem

364 1865 467 1925 inermi
488 1866 576 1939 turba
600 1885 658 1926 non
679 1864 730 1924 din
756 1864 880 1924 restitit:
902 1863 931 1922 in
957 1862 1102 1943 Garicinis
1126 1864 1177 1940 (ea
1202 1881 1333 1942 quoque

275 1994 283 2012 ·
366 1959 480 2021 Samnii
502 1983 569 2043 pers
588 1970 643 2032 eet,
668 1960 824 2020 Frentanis
846 1959 976 2039 propior)
1004 1956 1328 2039 laborisperioulique

364 2056 609 2140 plusculumfuit.
652 2056 735 2115 Dum
748 2056 831 2115 locus
843 2054 982 2123 munitus,
1004 2055 1056 2133 qui
1069 2054 1240 2134 pnednrum
1257 2048 1342 2123 Lot-¹,

363 2152 405 2210 lio
426 2151 645 2230 receptaculum
665 2150 773 2219 luerat,
798 2158 993 2230 expugnatur,
1023 2150 1145 2229 ancipiti
1175 2148 1265 2219 casu',
1288 2166 1328 2206 ex

363 2266 416 2326 spe
438 2246 596 2323 magnoin
617 2242 763 2315 timorem,
790 2264 829 2304 ex
852 2245 955 2304 timore
983 2242 1022 2303 ed
1044 2244 1201 2323 victoriam
1224 2244 1329 2303 subito

364 2349 485 2399 ventum
498 2348 552 2399 eet
595 2338 716 2421 Inducti
738 2338 858 2417 quidam
879 2357 917 2398 ex
939 2341 1206 2419 propugnatoribus
1226 2340 1325 2419 impu-

364 2436 465 2495 nitatis
487 2442 588 2514 pacto
598 2443 684 2493 nocte
704 2432 843 2493 sublustri
858 2432 1013 2494 Romanos
1029 2436 1106 2493 intra
1118 2437 1229 2494 moenia
1241 2452 1325 2493 reoc-

364 2538 478 2611 perunt.
535 2528 783 2589 concurrentibus
808 2528 847 2588 ad
875 2530 1033 2590 tumultum
1057 2530 1226 2611 oppidanis,
1254 2550 1323 2589 oum

363 2645 467 2684 manus
490 2625 614 2683 conseri
627 2624 772 2703 cepisset,
801 2644 909 2703 magna
935 2626 981 2684 vis
1006 2626 1083 2685 nivis
1107 2636 1227 2706 repente
1248 2624 1324 2684 ooelo

363 2719 485 2801 delapsa
496 2727 686 2799 conspectum
699 2719 808 2798 eripuit
818 2719 1029 2798 praeliantibus.
1060 2720 1108 2779 Ea
1118 2740 1164 2779 res
1173 2720 1322 2781 Carioinis

363 2814 503 2875 adversus
522 2814 653 2874 locorum
668 2814 790 2892 [ignaros
808 2815 854 2895 ita
872 2814 994 2893 profuit,
1017 2825 1051 2875 ut
1071 2816 1201 2876 maximo
1216 2818 1248 2875 in
1262 2814 1321 2873 dis·

362 2911 483 2970 cn'mine
496 2910 637 2971 Romana
649 2910 735 2987 signa
745 2918 942 2989 versarentur:
960 2912 1084 2990 jamque
1097 2931 1188 2991 prope
1203 2906 1322 2977 aberat,'

363 3016 396 3066 ut
418 3016 589 3089 cogerentur
614 3005 720 3064 referre
747 3004 863 3084 pedem,
889 3004 970 3083 quod
998 3006 1072 3083 inter
1096 3008 1232 3066 tenebras
1257 3005 1320 3064 lieri

362 3102 436 3161 citra
449 3121 586 3179 magnum
599 3100 807 3159 detrimentum
816 3100 971 3181 nequibat,
994 3120 1060 3160 cum
1073 3101 1171 3161 subito
1183 3108 1316 3162 cessante

362 3198 472 3257 nivium
494 3216 566 3255 casu
589 3193 709 3253 reddita
736 3192 806 3253 luna
826 3203 880 3264 est,
905 3214 1047 3275 cecoque
1070 3206 1149 3256 metu
1174 3195 1316 3264 liberatis,

393 3337 821 3389 reummamdtemoeaianum·
856 3339 957 3402 nrnpbis
970 3340 996 3390 in
1012 3342 1103 3391 urbem
1119 3340 1229 3392 illatum.
1264 3338 1315 3390 Sed

361 3406 430 3452 mdo
443 3402 526 3451 Rom
535 3403 562 3451 ie
570 3404 703 3465 promiscuo
714 3403 821 3465 mnia
856 3404 946 3454 Rome
958 3406 1019 3455 nulli
1032 3406 1115 3455 adbuc
1131 3408 1226 3471 signati
1243 3411 1326 3455 erant·

360 3465 514 3528 miscunt]
530 3466 658 3529 Loquitur
666 3467 707 3516 bic
714 3480 821 3516 accure-
857 3482 890 3517 ex
902 3482 965 3519 euro
974 3478 1002 3519 et
1017 3480 1127 3533 argento
1138 3472 1244 3533 nomini,
1256 3484 1320 3533 pen,

361 3530 460 3579 tissime
472 3530 669 3580 Freinshemius.
694 3532 820 3581 Nummos
857 3534 992 3598 egriniqne
1002 3534 1040 3583 illi
1052 3532 1162 3584 fortasse
1175 3537 1267 3584 mercis
1278 3534 1313 3583 lo·

361 3596 430 3643 enim
439 3608 534 3645 eureos
542 3600 732 3659 argenteosque
740 3596 821 3645 luisse
856 3612 888 3646 co
901 3598 1075 3655 habebantur,
1089 3600 1156 3662 qnod
1176 3600 1209 3648 de
1224 3599 1313 3647 Victo·

362 3658 455 3710 Rome
464 3668 525 3710 ante
536 3660 586 3710 boc
602 3666 707 3723 tempus
718 3660 821 3710 dubita·
857 3662 1050 3713 riatistestatnr
1059 3664 1312 3726 Plininaxxxnrd.

362 3724 384 3772 ri
391 3728 447 3773 'non
460 3730 557 3789 potest,
569 3724 614 3774 red
627 3726 786 3788 peregrinos,
794 3730 822 3774 et
856 3724 951 3791 ltaque
963 3742 998 3776 aes
1011 3734 1114 3777 tantum
1131 3730 1157 3777 in
1170 3729 1311 3789 promiscuo

361 3788 466 3838 alicnde
478 3788 613 3848 advectos,
625 3790 821 3852 praesertimque
856 3792 975 3853 pecunie
986 3806 1033 3840 neu
1046 3790 1141 3843 fuerat.
1161 3792 1232 3841 Cm'.
1313 3802 1318 3809 ·

362 3860 454 3915 captos
473 3868 506 3902 ex
524 3853 651 3903 hostibus.
685 3853 745 3903 Hoc
782 3868 840 3903 rou
854 3872 865 3887 ·
890 3857 1053 3917 tcogaomea
1069 3855 1309 3907 minitationem

357 3915 427 3966 ‘bant
439 3918 611 3981 qnadraginta
620 3919 664 3967 illa
670 3924 773 3981 argenti
783 3927 822 3967 ta·
856 3920 1045 3983 tramissem,
1054 3914 1127 3983 qnod]
1140 3914 1225 3970 Aliam
1237 3919 1309 3981 origi·

361 3982 434 4030 tenu
444 3996 478 4029 ex
490 3983 633 4032 Pometinir
642 3981 770 4031 manubiis
781 3996 821 4031 re·
857 3996 914 4033 nem
923 3984 998 4048 hnjus
1006 3986 1164 4047 cognominis
1171 3984 1223 4034 vid.
1234 3997 1309 4049 supra

362 4044 442 4104 secta,
452 4045 497 4094 lib.
514 4058 534 4095 ι.
545 4051 586 4096 ta.
599 4054 626 4095 et
637 4052 679 4096 55.
691 4056 718 4095 et
730 4060 820 4097 aurum
858 4050 882 4099 in
896 4050 960 4099 Not.
970 4046 1005 4098 ad
1019 4062 1069 4099 vn.
1081 4052 1123 4099 28.

359 4116 550 4176 argentumque
575 4111 752 4176 compluribus
775 4112 819 4162 tri·
