2917 4767
260 362 346 431 1600
735 381 770 429 r.
794 379 891 429 urvrr
944 377 946 380 ·

423 518 561 592 studium,
576 538 701 600 quocum
713 539 768 601 per
780 537 873 581 annos
884 528 1049 599 quamcret
1059 520 1165 598 viginti
1178 520 1305 599 ancipiti
1318 519 1387 578 t'or·
1453 594 1454 617 ,

424 625 496 675 tuna
510 626 668 695 pugnatum
682 617 884 686 meminerant,
898 625 940 684 et,
951 617 1007 675 nisi
1024 617 1055 675 iu
1067 625 1197 695 tempore
1206 635 1386 675 occurrere-
1453 622 1454 681 l

424 720 482 782 tur,
496 713 585 771 etiam
604 720 705 791 postea
723 711 913 791 pugnandum
929 712 985 770 sibi
1005 712 1235 791 prospiciebant.
1271 712 1386 776 Quare

261 818 492 881 Polyb.1.88.cum
519 808 685 868 Sardiniam
712 809 796 868 iuviti
821 808 1003 867 dimitterent
1027 807 1125 876 Poeni,
1140 809 1267 885 jamque
1295 806 1387 865 bello
1453 808 1454 887 ᾗ

424 913 526 963 contra
539 904 730 963 mercenarios
750 903 892 974 defuncti,
914 923 996 961 arma
1015 902 1188 963 delectionis
1204 902 1388 961 auctoribus

425 998 531 1059 inferre
545 999 764 1068 meditarentur,
779 1007 897 1077 arrepta
914 1000 978 1057 haec
991 1019 1010 1058 a
1022 998 1170 1057 Romanis
1187 1008 1233 1057 est
1243 996 1385 1065 occasio,

425 1094 612 1173 ‘bellumque
626 1095 743 1153 Poenis'
763 1093 924 1163 decremm,
947 1095 997 1151 ‘ui
1010 1094 1109 1164 mma,
1122 1112 1190 1174 quar
1201 1094 1232 1151 in
1245 1092 1386 1172 speciem
1453 1144 1454 1155 .

425 1188 565 1249 adversus
584 1190 710 1249 rebelles
728 1210 806 1259 suos,
828 1209 860 1247 re
881 1197 979 1248 autem
999 1210 1072 1249 vera
1092 1199 1195 1249 cenna
1218 1188 1387 1249 Romanos
1453 1226 1454 1229 =

425 1286 602 1354 sumsissent,
617 1285 828 1344 abstineretur?
849 1285 900 1343 Ita
914 1284 1181 1362 Carthaginienses,
1190 1284 1291 1343 alieno
1301 1293 1385 1343 teur-

426 1400 496 1460 pore
516 1379 629 1438 bellum
650 1380 850 1457 gravissimum
871 1380 1017 1459 suscipere
1037 1380 1182 1449 nolentes,
1204 1398 1265 1437 uon
1286 1379 1387 1437 modo

264 1495 348 1543 Zonsr.
426 1494 536 1534 cessere
556 1472 704 1544 Sardinia,
725 1475 777 1533 sed
794 1476 895 1544 edam,
919 1475 1134 1554 postulantibus
1154 1474 1318 1542 Romanis,
1342 1473 1385 1533 ad

264 1590 353 1654 Ροῃι),
427 1570 551 1650 priorem
574 1589 716 1629 summam
730 1570 902 1648 adjecerunt
914 1572 1027 1647 argenti
1044 1569 1156 1629 talenta
1168 1569 1249 1631 mille
1262 1569 1384 1629 ducen-

278 1670 496 1742 Polyb.111.ta:'
516 1685 583 1744 quas
601 1667 729 1725 maxime
748 1665 857 1743 injuria
877 1686 969 1743 aegros
988 1666 1125 1724 habuisse
1147 1665 1384 1741 Carthaginien-

263 1744 310 1851 ἰῇ
330 1820 378 1853 m
390 1812 403 1856 1
427 1762 501 1820 sium
515 1760 639 1830 animos,
654 1780 749 1839 neque
763 1761 827 1820 ulla
839 1762 932 1839 magis
943 1780 1034 1820 causa
1045 1760 1156 1820 bellum
1170 1780 1240 1819 mox
1253 1760 1385 1819 Hunni-

314 1841 319 1854 '
382 1840 388 1853 ’
408 1840 557 1915 'balleum
571 1857 712 1915 exarsisse
726 1856 864 1915 creditur.
907 1856 1090 1915 Hamilcaris
1104 1857 1181 1914 enim
1201 1865 1384 1935 perpetuum

267 1954 415 2030 ¹Corn-llas·
428 1952 565 2013 adversus
589 1951 743 2012 Romanos
760 1953 871 2023 odium,
893 1954 942 2011 cui
961 1952 1073 2012 bellum
1098 1952 1249 2011 Punicum
1272 1971 1384 2010 secun-

264 2032 291 2066 ¹¹¹
302 2018 408 2070 Hm·
428 2045 499 2106 dum
512 2067 570 2107 nou
583 2049 680 2128 inepte
693 2050 863 2127 imputatur,
873 2069 933 2107 nou
940 2047 1060 2107 aliunde
1073 2057 1125 2107 aut
1136 2048 1289 2108 stimulum
1301 2048 1382 2107 acri-

428 2162 518 2211 orem,
534 2152 586 2201 aut
597 2141 758 2201 lomentum
771 2144 879 2203 certius
891 2144 1002 2202 habuit.
1044 2144 1184 2203 Ceterum
1196 2144 1261 2203 heo
1275 2152 1384 2223 postea
1453 2140 1454 2143 ’

428 2246 598 2295 evenerunt.

266 2340 350 2389 zonas.
468 2337 498 2393 7.
518 2331 594 2389 Tum
607 2351 677 2391 vero
690 2334 774 2392 novis
785 2335 955 2395 consulibus
969 2337 1004 2396 L.
1021 2336 1162 2396 Cornelio
1173 2336 1208 2394 L.
1218 2334 1254 2394 F.
1266 2336 1318 2396 Ti.
1331 2334 1379 2395 N.

429 2424 555 2483 Lentulo
569 2426 717 2496 Caudino,
733 2429 775 2493 Q.
791 2429 898 2489 Fulvio
911 2430 957 2489 M.
972 2431 1009 2491 F.
1025 2432 1067 2497 Q.
1082 2430 1127 2491 N.
1142 2432 1279 2501 Flacca·
1289 2431 1381 2491 Galli
1453 2482 1454 2495 .

266 2532 417 2585 valletam.
429 2519 591 2599 Cispadani
604 2521 755 2599 provincia
767 2523 848 2582 data.
890 2524 1048 2585 Coloniam
1060 2527 1117 2587 boc
1126 2546 1203 2586 anuo
1215 2526 1382 2587 deductam

427 2634 489 2673 asse
504 2614 687 2685 Valentiam,
704 2636 873 2695 quanquam
890 2639 910 2678 a
930 2621 1104 2698 quibusdam
1126 2622 1262 2692 traditur,
1276 2623 1377 2682 haud-

382 2776 383 2781 ,
427 2730 576 2790 quaquam
592 2720 729 2771 constans
741 2714 842 2793 opinio
857 2723 921 2774 cst:
943 2716 999 2774 nisi
1019 2716 1082 2775 alia
1101 2717 1247 2777 Valentia
1266 2730 1380 2797 praeter

278 2820 416 2873 llaxxxv.
428 2806 576 2866 Vibonem
589 2806 657 2877 fuit,
674 2826 764 2886 quam
777 2809 861 2867 annis
878 2819 945 2889 post
955 2812 1181 2890 quinquaginta,
1197 2813 1235 2875 L.
1249 2814 1380 2879 Quintio

265 2888 306 2934 ⁴⁰·
429 2901 608 2972 Flaminino,
631 2902 687 2961 Gn.
711 2902 848 2964 Domitio
869 2906 1040 2966 AEnobarbo
1060 2908 1239 2980 consulibus,
1262 2909 1380 2970 colonis

265 3010 349 3064 zonas.
378 3074 382 3081 Ι
427 3007 602 3077 occupatam
616 3018 678 3058 ease
692 2999 864 3059 certioribus
880 3003 1048 3063 auctoribus
1060 3002 1189 3063 credam.
1232 3005 1378 3065 Ceterum

329 3116 332 3123 ·
427 3093 595 3153 consulibus
608 3094 637 3153 in
651 3114 722 3172 agro
736 3093 869 3164 Gallico,
882 3096 977 3157 donec
989 3101 1162 3177 conjunctas
1174 3099 1309 3178 legiones
1325 3102 1380 3161 lra-

426 3189 526 3258 buere,
541 3197 605 3249 tuts
617 3198 648 3249 et
660 3210 797 3269 prospera
809 3191 961 3269 expeditio
975 3192 1049 3254 fuit:
1069 3204 1224 3273 postquam
1238 3196 1380 3275 cupidine

427 3281 513 3361 plura
523 3284 657 3343 vastandi
671 3284 832 3345 diviserunt
839 3290 1012 3357 exercitum,
1022 3288 1064 3355 Q.
1075 3289 1279 3352 Fuluiicastra
1289 3302 1380 3351 noctu

427 3386 608 3455 oppugnata,
622 3387 653 3438 et
666 3398 742 3456 aegre
751 3389 865 3441 retenta
879 3392 956 3444 suut.
987 3382 1111 3443 Gallire
1124 3384 1233 3445 inlecta
1242 3386 1380 3464 digressi,

426 3470 517 3549 paulo
530 3481 596 3550 post
607 3475 739 3551 graviore
748 3496 816 3535 cum
829 3487 936 3539 terrore
949 3481 1101 3558 auctisque
1114 3484 1257 3561 majorem
1266 3483 1301 3540 in
1315 3504 1380 3543 mo-

427 3564 498 3623 dum
511 3568 604 3646 copiis
617 3568 655 3627 ad
669 3570 780 3629 bellum
793 3582 983 3634 reverterunt.
1026 3575 1167 3635 Boiorum
1179 3578 1259 3635 euim
1274 3578 1379 3648 duces,

283 3680 368 3745 Polyb,
386 3694 417 3729 u.
427 3660 595 3721 clanculum
613 3665 688 3725 inter
700 3686 731 3725 se
751 3668 881 3728 consiliis
898 3671 1027 3748 agitatis,
1041 3672 1189 3750 ingentem
1202 3673 1375 3754 Transalpi-

268 3751 308 3797 21.
429 3777 532 3817 norum
553 3779 670 3819 manum
691 3762 730 3820 ad
751 3764 920 3823 societatem
939 3785 1084 3827 armorum
1104 3777 1208 3828 corsua
1220 3768 1378 3831 &manos

467 3900 590 3962 ‘Argenti
602 3904 690 3952 talenta
702 3904 765 3953 mille
773 3907 887 3971 damis]
922 3909 1018 3957 tuimur
1030 3909 1056 3958 ln
1068 3918 1123 3959 not.
1138 3910 1170 3959 ad
1182 3924 1207 3960 c.
1223 3915 1265 3960 00.
1282 3912 1299 3961 l.
1316 3925 1378 3963 ιιι.

426 3964 455 4014 Sl
477 3966 575 4015 talenta
598 3966 643 4015 ills
668 3968 784 4018 Euboica
804 3970 887 4032 fuere,
922 3976 1094 4024 estimatione
1124 3988 1219 4025 marcis
1246 3988 1381 4027 nostum

428 4030 512 4092 qualia
524 4045 555 4079 ea
572 4046 630 4095 qaia
650 4032 675 4081 in
693 4033 885 4084 conditionibus
921 4041 1010 4089 75000.
1029 4040 1099 4089 Cres.

429 4094 500 4154 pacti
511 4095 700 4159 penderejursi
712 4096 815 4148 luerent
825 4099 886 4148 Poe·
952 4110 966 4135 ⁸
983 4102 1015 4153 A·
1028 4104 1061 4153 U.
1073 4104 1103 4155 C.
1115 4109 1173 4155 ⁵15.
1190 4103 1225 4157 A.
1238 4105 1268 4158 C.
1279 4108 1339 4155 037.

431 4157 467 4213 ni,
478 4155 542 4209 flent
554 4174 587 4207 aa
599 4162 643 4214 ills
655 4176 733 4227 quum
743 4176 822 4227 supra
832 4170 885 4213 str-
