2917 4767
234 305 321 374 1926
707 319 740 368 u.
759 318 856 368 urvrr

235 463 391 544 organun
418 479 504 545 opus
529 460 603 540 suit,
630 469 666 526 et
688 479 753 526 sex
776 461 938 526 meusium
964 459 1166 528 iumentum
1192 462 1348 544 accepn't.

235 565 390 632 Cornelio
414 563 448 628 iu
473 563 632 630 Sardinia
646 565 800 630 civitates
815 562 921 628 sociae
944 565 1084 644 benigue
1107 563 1345 628 coutulerunt.

236 667 279 732 Et
309 665 431 730 Rome
459 685 594 748 quoque
623 672 761 749 propter
792 665 967 748 penuriam
1005 667 1132 747 argenti
1167 665 1344 730 triumuiri

234 766 413 842 mensarii*
442 767 617 847 rogatione
651 765 701 832 Μ.
729 765 875 832 Minucii
897 767 1020 832 tribuni
1042 767 1165 849 plebis,
1181 765 1279 842 tacti,
1299 766 1342 830 1¹·

234 869 394 938 AEmiliua
423 867 551 951 Papus,
582 869 641 951 qui
671 868 829 933 coneul¹²
859 887 1043 952 censorque
1068 867 1192 944 inerat,
1221 874 1261 932 et
1288 868 1341 932 M.

235 971 358 1036 Atilius
388 968 548 1051 Regulus,
577 971 637 1052 qui
667 970 722 1034 bis
749 969 870 1034 consul
900 969 1020 1046 luerat,
1055 975 1089 1034 et
1123 969 1166 1033 L.
1197 969 1340 1034 Scribo-

235 1071 312 1136 nius
336 1071 435 1144 Libo,
463 1071 521 1154 qui
552 1076 622 1135 tum
650 1071 800 1136 tribunus
825 1070 935 1153 plebis
958 1078 1039 1134 erat·
1093 1069 1139 1136 Et
1166 1071 1339 1136 duumviri

235 1173 348 1250 creati,
363 1170 413 1234 M.
429 1177 462 1238 et
479 1172 518 1235 Ο.
533 1170 642 1247 Atilii,
658 1170 765 1236 aedem
780 1170 993 1247 Concordiae,
1008 1191 1110 1254 qnam
1127 1172 1168 1235 Ia
1182 1171 1338 1236 Manlius

235 1280 356 1357 praetor
381 1276 531 1349 voverat,
554 1272 805 1337 dedicaverunt.
853 1272 898 1337 Bt
922 1280 991 1336 tres
1015 1272 1196 1356 pontifices
1219 1275 1335 1348 creati,

234 1372 645 1451 acceleransque,
666 1380 701 1436 ot
725 1372 770 1450 Q.
790 1373 919 1438 Fabius
934 1373 1117 1453 Maximus,
1135 1373 1233 1453 etQ.
1257 1375 1339 1439 Ful·

234 1477 311 1540 rius
326 1473 482 1551 Flaccus,
496 1474 531 1538 iu
546 1475 654 1540 locum
672 1473 712 1537 P.
726 1475 891 1539 Scantinii
907 1474 1081 1554 demortui,
1096 1481 1132 1539 et
1145 1475 1189 1540 L.
1204 1475 1339 1539 AEmilii

236 1576 348 1642 Paulli
371 1576 531 1653 consulis,
554 1582 587 1640 et
615 1576 661 1655 Q.
686 1575 770 1640 AElii
797 1575 898 1653 Preti,
923 1576 992 1665 qui
1005 1576 1199 1642 ceciderant
1225 1597 1340 1660 pugna

234 1677 439 1744 cannensie

277 1779 333 1844 22.
355 1779 441 1844 Cum
456 1783 577 1856 cetere,
594 1800 669 1864 quaa
692 1778 864 1844 coutinuis
877 1779 1033 1845 cladibus
1049 1779 1186 1845 lortuua
1205 1780 1340 1846 minua-

235 1886 297 1959 rat,
312 1887 472 1963 qnantum
487 1881 639 1946 consiliis
652 1882 805 1947 humanis
818 1881 953 1964 assequi
964 1888 1130 1966 poterant,
1140 1881 1265 1948 Patres
1278 1901 1341 1947 cx-

237 1982 406 2066 plessent;
427 1983 563 2048 tandem
578 2001 614 2048 se
629 2001 767 2066 quoque
778 1988 812 2046 et
826 1981 1044 2048 solitudinem
1051 1982 1168 2060 curiae,
1181 1984 1340 2066 paucita-

236 2089 368 2167 temque
393 2085 654 2150 courenieutium
677 2082 720 2148 ad
746 2083 916 2167 publicum
939 2084 1159 2149 consilium¹4
1178 2103 1340 2167 respexe-

236 2193 322 2250 runt.
367 2183 492 2268 Neque
517 2185 605 2252 euim
630 2189 711 2267 post
735 2182 775 2247 L
797 2183 974 2248 AEruilium
996 2193 1032 2250 et
1056 2183 1097 2248 G.
1113 2183 1341 2249 Flaminium·

235 2305 394 2352 censores
410 2291 547 2350 senatus
563 2287 671 2350 lectus
687 2285 807 2361 fuerat,
822 2303 900 2349 curu
923 2292 1053 2351 tautum
1070 2291 1266 2351 meatorum
1280 2285 1339 2349 ud-.

236 2404 342 2450 versae
358 2403 491 2468 puguae,
501 2386 543 2450 ed
558 2387 864 2470 hocsuiqucmque
877 2403 981 2451 casus
996 2406 1057 2470 per
1071 2389 1339 2470 quinquennium

236 2487 486 2552 absumsissaut.
542 2485 626 2552 Cum
655 2486 696 2551 de
724 2504 767 2550 ea
791 2505 827 2551 re
852 2485 914 2552 Μ’.
941 2487 1147 2572 Pomponius
1172 2495 1339 2570 proetor,¹⁵

236 2587 402 2653 dictatore
418 2595 496 2670 post
511 2587 695 2654 Casilinum
709 2588 871 2652 amissum
886 2587 1045 2671 prolecto
1056 2588 1130 2671 jam
1144 2587 1190 2652 ad
1207 2589 1340 2653 exerci-

236 2697 322 2766 tum,
344 2690 603 2772 exposcentibus
627 2687 760 2752 cunctis
784 2687 971 2768 retulisset3
994 2696 1065 2753 tum
1080 2689 1141 2772 Sp.
1155 2685 1340 2765 Carvilius,

237 2809 314 2854 cum
329 2791 430 2872 longa
445 2791 597 2856 oratioue
610 2808 679 2853 non
694 2787 803 2852 solnm
818 2789 968 2872 inopium
983 2787 1163 2868 senatus,¹⁶
1177 2789 1242 2854 sed
1257 2809 1340 2872 pau-

238 2892 371 2956 citatem
393 2893 494 2956 etiam
509 2893 643 2969 civium,
657 2911 679 2954 e
700 2891 824 2972 quibus
847 2892 883 2955 in
906 2891 1029 2958 Patres
1043 2895 1243 2975 legerentur,
1258 2910 1341 2956 cou-

696 3069 881 3093 W

236 3178 265 3219 et
278 3171 333 3219 Krc
363 3169 512 3232 aigina-ll
533 3169 574 3219 ΑΙ.
591 3172 617 3220 ia
626 3183 647 3218 r.
657 3175 770 3235 quorum
779 3171 948 3232 urgenti-12
964 3170 1007 3220 Ar.
1018 3171 1050 3220 L.
1062 3169 1184 3231 AEniliar,
1196 3169 1239 3233 qai
1249 3173 1341 3221 mac

237 3237 303 3284 -lt
343 3243 379 3285 et.
393 3233 436 3283 ΙΙΙ).
448 3233 516 3297 apud
527 3235 616 3296 Sigon.
631 3235 658 3282 iu
717 3247 747 3283 aa
758 3236 885 3284 emmau

271 3303 302 3348 lt
318 3298 361 3348 ΑΙ.
375 3299 571 3349 concilium—ld
591 3298 632 3348 ΑΙ.
672 3314 712 3347 aar
729 3300 760 3347 ds
776 3313 805 3348 cu
820 3313 848 3347 re
865 3298 904 3348 Μ.
916 3298 1032 3349 AEnitirra
1044 3301 1210 3361 pram-rs
1223 3297 1341 3347 ‘Vocem

237 3368 333 3412 matur
342 3377 401 3411 cnm
412 3365 536 3412 Stratiue
547 3367 571 3412 c.
583 3363 649 3412 Maa.
662 3362 768 3412 inserui.
795 3362 852 3411 Noa
861 3360 1343 3426 wlmpaueitatmaediaopimtin

235 3428 326 3475 daiam
335 3427 404 3489 conj.
418 3428 494 3477 cru.
505 3435 532 3475 ct
544 3427 615 3477 Dok.
627 3428 671 3489 qni
682 3434 771 3476 mouet
786 3426 866 3475 rerba
882 3441 939 3476 aare
957 3426 1160 3490 transponenda,
1171 3426 1242 3489 quod
1258 3427 1343 3488 laepia

235 3489 331 3540 ciclum
343 3491 401 3554 plus
412 3491 456 3553 ait,
467 3505 540 3555 quam
552 3489 670 3554 μισέω,
681 3499 718 3554 et,
730 3490 772 3540 ubi
782 3491 863 3554 inopte
873 3492 917 3548 ait,
929 3490 965 3540 ibi
982 3491 1041 3554 plue
1057 3504 1126 3552 carc,
1137 3503 1215 3553 qnam
1232 3489 1342 3552 prada·

737 3619 846 3672 ΝΟΜ

272 3721 283 3768 r
303 3712 433 3764 Triumviri
447 3713 573 3778 murti]
589 3715 695 3766 Factum
711 3717 770 3780 hoc,
810 3716 887 3779 laras,
905 3720 933 3766 ct
950 3717 1071 3768 Lartraor
1081 3721 1123 3768 tt.
1139 3716 1296 3768 condiderat
1309 3719 1341 3769 L

239 3803 274 3839 nc
285 3789 361 3840 obaea
373 3790 485 3840 alienum
497 3791 581 3842 turbe
593 3799 772 3852 nascerentur,
810 3789 928 3841 AEmilioa
947 3793 1046 3855 Papus.
1063 3793 1095 3843 C.
1111 3793 1255 3843 Flaminius
1272 3793 1341 3843 viera

1448 2266 1450 2370 Ι

1448 2408 1450 2481 Ι

1448 2530 1450 2657 Ι

1448 3180 1449 3215 Ι

241 3874 271 3918 ut
282 3866 315 3918 Α.
327 3867 361 3917 U.
373 3866 403 3916 C·
415 3871 473 3917 tta.
482 3868 515 3917 ds
527 3883 577 3932 quo
589 3867 648 3916 uida
659 3866 705 3917 til).
716 3879 771 3916 srr.
811 3865 961 3917 Flaminiam
979 3881 1012 3916 ea
1036 3881 1147 3917 censura
1173 3869 1297 3926 munivit,
1313 3877 1342 3917 et
1448 3892 1449 3911 r

240 3958 265 3993 c·
276 3947 317 3992 tl.
333 3945 361 3992 J.
374 3945 491 3994 ctericus.
811 3943 916 3993 Circum
933 3943 1091 3994 Pleminium
1105 3945 1211 4007 atruxit,
1230 3943 1342 3994 tdeuuia
1448 3940 1449 3999 Ι

273 4027 283 4051 ·
299 4021 358 4069 Pori
375 4019 404 4070 L.
420 4021 546 4071 AEmiliaur
563 4027 585 4070 el
608 4021 636 4070 C.
652 4019 771 4071 dimisi·
812 4028 872 4082 post
887 4018 1041 4072 interfectus
1058 4021 1148 4084 praelio
1164 4021 1198 4070 ad
1213 4020 1343 4072 Traairaa·
1448 4038 1449 4087 q

242 4091 294 4156 aar]
311 4095 348 4144 lli
359 4103 420 4144 autc
436 4095 632 4161 quadriennium
649 4109 771 4146 censores
811 4109 882 4145 num.

241 4165 347 4220 fueraut
366 4183 409 4219 au·
429 4169 462 4222 U.
485 4171 515 4222 (1.
532 4175 590 4222 ott.
610 4171 658 4222 riri
678 4184 770 4222 conau-
