2917 4767
371 378 478 428 eruar
505 378 922 429 mercenariorum.
1135 362 1223 429 1⁴29

129 530 188 584 15.
211 524 297 584 ‘Sed
311 534 415 584 tamen
429 522 519 583 etiam
532 524 664 604 alioquin
681 533 854 602 argumenta
866 544 974 603 magua
990 534 1058 584 eunt

85 630 121 679 et
134 619 305 680 evidentia.
351 618 454 679 Neruo
466 620 540 679 inter
554 630 665 679 nostros
677 620 719 679 ita
732 620 865 691 excellit,
878 629 912 679 ut
923 620 951 678 ei
971 638 1058 699 rcquo

88 716 193 774 animo
219 717 354 795 parituri
379 716 438 774 eint
458 716 563 775 ceteri:
598 735 665 794 que
689 735 759 775 vero
781 716 841 775 eint
863 714 1057 775 aemulationis

88 810 238 890 pericula,
255 812 379 891 quoties
391 810 452 870 ucri
465 820 496 869 et
508 818 626 889 potente
640 830 707 871 oum
728 811 812 871 boote
834 832 880 870 ree
896 822 952 882 eet,
965 812 1055 872 scitis.

90 906 132 964 Et
155 926 389 985 quemcumque
412 905 544 965 faceretis
565 908 781 985 imperatorem,
802 906 851 966 vei
869 906 960 966 nimio
976 908 1060 986 pecie

88 1000 203 1071 studio,
228 1002 286 1061 vei
309 1000 471 1080 eupiditate
492 1000 610 1078 gerendi
631 1000 712 1070 belli,
735 1000 942 1061 detrimentum
957 1003 1060 1061 reetrie

89 1096 182 1154 rebus
196 1096 311 1157 afferre
326 1105 432 1176 ponet.
473 1094 573 1155 Taceo
587 1094 740 1155 adversum
760 1095 926 1167 Romanos,
942 1106 1060 1175 gentem

93 1192 185 1250 umis
213 1192 401 1260 induratam,
423 1209 481 1250 nou
503 1190 636 1270 quolibet
655 1191 731 1251 duce
757 1190 869 1252 bellum
894 1202 960 1251 tuto
985 1192 1056 1270 geri.

93 1284 215 1345 Verum
228 1286 394 1355 enimuero,
408 1284 654 1365 quemadmodum
667 1306 753 1346 nemo
765 1286 894 1357 dubitat,
907 1287 1014 1347 virtute
1026 1296 1058 1348 et

95 1382 227 1441 cornilio
250 1380 374 1440 militari
395 1390 464 1440 aute
491 1380 640 1461 Pyrrhum
662 1402 749 1442 nemo
774 1391 828 1441 eet
870 1379 932 1442 Sed
955 1382 1055 1443 venire

94 1476 223 1537 forsitan
250 1476 344 1536 nolet.
387 1474 484 1535 Immo
501 1496 582 1546 vero,
596 1478 667 1557 quia
686 1497 781 1537 rerum
802 1478 991 1557 gerendarum
1004 1497 1055 1537 cu·
1085 1485 1150 1534 Prot.
1175 1486 1203 1533 in

62 1608 71 1621 ι
98 1572 274 1651 pidieeimue
287 1572 400 1631 bellurn
418 1573 447 1629 in
469 1572 623 1652 praeeentie
644 1572 758 1632 nullum
779 1572 861 1632 aliud
880 1573 982 1643 babet,
996 1592 1055 1632 uon
1068 1550 1167 1615 ΡΜ
1175 1554 1219 1601 ²⁸·

98 1667 191 1726 ruodo
217 1668 321 1726 veniet
342 1668 404 1746 ipee
430 1667 574 1737 lubenter,
600 1666 652 1726 aed
684 1669 775 1727 etiam
804 1668 934 1728 adducet
956 1668 1058 1747 copiue

99 1762 223 1821 validas
235 1770 267 1821 et
278 1762 445 1841 praeliorum
460 1780 517 1820 uou
531 1760 625 1821 rudes.
669 1762 711 1822 Et
732 1783 770 1821 ue
792 1764 832 1823 ab
850 1764 915 1843 ipeo
928 1763 1058 1825 libertati

104 1866 217 1916 uoatrae
239 1866 412 1925 metuamus,
434 1856 470 1914 iie
490 1875 556 1915 cum
577 1876 614 1916 eo
634 1856 850 1917 conditionibus
871 1858 1056 1935 transigetur,

105 1952 218 2029 quibus
239 1951 404 2031 respublica
423 1951 452 2009 iu
472 1960 535 2010 tuto
554 1952 602 2010 sit.
645 1950 718 2010 Hac
731 1954 845 2010 ratione
858 1950 921 2021 fiet,
934 1953 1060 2011 utboua

103 2066 171 2104 eum
192 2068 247 2127 spe
263 2066 377 2105 sumere
394 2044 516 2115 beilum,
530 2054 561 2105 et
573 2046 621 2105 vel
642 2044 797 2125 impetrare
810 2063 914 2125 pacem
926 2064 1057 2107 courmo-

104 2140 185 2213 dern,
199 2142 250 2201 vel
264 2143 355 2200 etiarn
372 2140 442 2199 dare
459 2138 616 2218 gloriosam
633 2142 793 2220 pooeimuv
814 2160 982 2220 quanquam
1000 2143 1056 2205 boc

106 2236 204 2315 purim
220 2244 395 2297 eventurum
410 2254 468 2295 ιιοιι
484 2236 624 2316 improbe
641 2236 703 2315 spei
718 2243 773 2307 eet,
787 2244 821 2294 ut
832 2236 912 2315 prius
924 2234 1056 2298 Romani

106 2330 260 2390 nobiscum
280 2332 372 2411 equis
385 2328 499 2409 legibue
512 2332 683 2409 baueigeut,
697 2350 787 2410 quam
800 2330 857 2390 boc
870 2350 964 2390 rerum
977 2342 1055 2394 eutr

107 2424 261 2504 Pyrrhum
282 2426 430 2505 accipiunt
450 2427 480 2483 iu
502 2424 633 2496 Italiam,
653 2426 705 2505 qui
726 2424 874 2504 quondam
892 2446 931 2484 ex
952 2426 1056 2488 eadem

4 2528 5 2534 ’
108 2518 202 2599 Epiro
222 2520 343 2581 minoris
360 2520 511 2601 aliquanto
529 2517 629 2598 glorie
644 2521 840 2602 potentieque
856 2539 952 2599 regem
968 2523 1055 2583 timu·

109 2616 213 2675 erunt!
606 2662 611 2678 .

147 2716 199 2770 16.
222 2709 297 2771 Hoc
309 2708 461 2769 consilium
474 2730 532 2770 uon
547 2730 583 2770 eo
603 2719 717 2771 tautum
732 2711 815 2781 vicit,
829 2711 909 2790 quod
931 2712 1056 2793 publico

4 2830 5 2887 ᾗ
108 2802 303 2865 reiutiavieur
320 2804 399 2864 baud
416 2805 626 2885 aspernandam
643 2807 788 2888 aperuisse
801 2806 972 2874 ridebatur:
1003 2806 1055 2865 aed

4 2890 5 2923 ³
110 2898 202 2957 etiem
215 2900 373 2959 contrarias
387 2898 418 2957 in
433 2900 583 2978 opiniones
597 2899 693 2959 divisa
706 2900 858 2970 concione,
873 2919 941 2959 cum
952 2909 1056 2960 neutra

111 3012 189 3072 pura,
205 2994 361 3053 obsistente
373 2992 477 3065 altera,
492 2994 660 3073 pertendere
676 3003 784 3073 puroet,
798 2994 877 3074 quod
892 2995 1056 3073 proximum

109 3086 182 3159 aiut,
196 3090 382 3158 sententiam,
396 3106 462 3167 qun
474 3086 572 3148 media
584 3088 800 3168 quodammodo
815 3087 980 3158 ridebatur,
992 3091 1056 3147 uui·

4 3186 5 3207 i
109 3185 183 3242 verri
194 3182 394 3264 praetulerunt.
435 3182 556 3254 Ferunt,
568 3183 689 3263 vulgato
706 3203 758 3264 per
769 3183 919 3243 civitatem
931 3202 1055 3255 rumore,
1110 3190 1177 3239 Plut.
1192 3192 1219 3241 ur

109 3275 260 3338 decretum
271 3276 309 3336 de
317 3276 436 3357 Pyrrho
449 3277 588 3339 aoeiendo
599 3278 711 3339 sactum
722 3298 796 3350 eune,
806 3278 957 3338 Metouem
964 3298 1055 3358 quen·
1068 3254 1169 3320 ⁹5¹¹&
1177 3258 1219 3306 ²⁰·

109 3371 190 3444 barn,
211 3372 358 3432 bominem
383 3371 471 3450 frugi,
492 3380 588 3433 sumta
614 3392 722 3434 corona
740 3373 872 3434 marcida
893 3382 924 3433 et
942 3372 1053 3445 focula,

109 3468 256 3527 ebriorum
267 3486 358 3538 more,
366 3486 434 3527 curu
447 3466 720 3527 tibiciuutbeatrum
733 3468 901 3529 intrariae:
915 3468 1054 3549 popuiuru

4 3584 5 3631 ι
109 3559 313 3631 Tarentinum,
325 3560 413 3620 solitu
428 3560 560 3633 iascivia,
575 3562 708 3640 jussisse,
724 3572 778 3622 ‘ut
791 3564 932 3643 progressi
948 3565 978 3622 in
992 3586 1054 3625 me·

110 3654 202 3727 dium,
215 3655 267 3715 iiie
279 3674 365 3727 voce,
378 3655 548 3716 muliercula
566 3656 641 3715 tibia
659 3659 817 3717 canereut'
855 3657 933 3718 Tum
955 3658 1054 3719 Meto-

112 3769 189 3821 neur,
202 3750 284 3811 sactu
294 3750 423 3821 cilentio,
435 3748 562 3811 dixisse:
578 3760 587 3789 ⁶
599 3751 681 3811 Beue
688 3750 797 3825 fucitis,
804 3751 967 3825 Tarentini,
975 3754 1055 3833 quod

6 3885 9 3894 .
110 3842 237 3905 saltandi
256 3844 443 3925 canendique
461 3848 577 3926 copiam
596 3849 739 3927 mentatio
753 3850 859 3928 quibua
874 3848 964 3907 libet:
982 3840 1055 3931 ‘narn

7 3937 10 3946 '
111 3939 230 4020 Pyrrho
242 3942 274 3999 iu
287 3940 390 3999 urbem
403 3940 528 4000 admisso
540 3942 669 4012 vixerit,
682 3951 716 4001 ut
728 3941 817 4003 liceat
824 3942 948 4024 amplius
959 3952 1057 4003 nocuo

5 4027 10 4080 ἶ
110 4036 192 4095 nobie
204 4036 352 4096 arbitratu
365 4036 483 4094 vivere.³
524 4034 611 4095 Moto
626 4035 664 4095 ad
680 4038 744 4096 brec
759 4037 879 4117 populo,
892 4046 980 4117 atque
993 4048 1057 4098 orto

6 4139 12 4234 Ι
111 4148 265 4203 ιιιιιιιιιιιιε,
278 4130 367 4191 veriti
378 4131 429 4209 qui
442 4132 749 4209 auetoreeinjuriarum
761 4131 1058 4195 adversiuRonruuor

6 4280 13 4632 i
