2917 4767
375 413 480 463 arsur
505 414 578 463 xri.
601 412 922 465 surrsnusuruu.
1136 398 1222 467 llas

103 582 175 622 rum
186 562 283 631 robur,
297 570 331 621 et
350 560 562 621 bellicosissimi
581 562 835 641 regisexpeetatio
844 533 1068 621 commoverat?

109 680 172 737 quo
183 658 357 733 intentiores
369 655 511 727 Romani,
524 657 624 737 capita
640 654 815 716 seditionum
832 667 944 716 mature
960 658 1058 737 oppri-
1071 668 1156 718 zoam

109 753 226 822 mendo,
251 754 405 813 aecuritati
429 772 490 811 suas
511 751 715 831 providebunt.
757 752 806 811 Eo
825 761 955 833 tempore
976 772 1062 813 casus

109 847 364 907 Prmestinorum
386 848 549 927 principum
571 845 767 907 memorabilis
790 846 865 907 luit:
899 849 951 927 qui
976 858 1061 908 nocte

101 944 168 1020 jam
195 944 354 1021 ingnrente
378 961 446 1002 cnm
473 941 593 1002 adducti
626 941 757 1001 Romam
788 952 896 1012 ment,
921 942 1064 1003 custodie

106 1058 200 1100 cause
222 1036 358 1099 conclusi
376 1045 444 1096 suut
457 1038 486 1097 in
506 1038 609 1097 eredo
629 1036 760 1117 publico,
774 1037 1063 1097 tumdemumiutel·

109 1136 196 1194 lectis
216 1132 338 1192 fallacis
357 1131 469 1192 oraculi
490 1131 672 1210 ambagibus,
689 1134 775 1209 cujus
795 1132 855 1192 fide
876 1131 1065 1213 popularibus

109 1232 181 1300 suis,
195 1228 237 1289 ad
249 1228 449 1289 deiectionem
465 1247 516 1287 eos
528 1227 689 1308 impulsori,
703 1248 781 1310 saepe
794 1229 1021 1309 spoponderant,
1034 1230 1064 1288 in

109 1326 182 1385 latis
193 1344 273 1393 eme,
293 1324 357 1381 ‘uti
370 1320 542 1382 Romnum
557 1324 690 1383 eranum
703 1343 723 1383 a
736 1324 928 1384 Praeuestinis
938 1344 1063 1405 oocupa-
1196 1363 1199 1369 ,

113 1421 214 1479 retur?
256 1418 399 1478 Solioitos
418 1417 546 1477 Petrum
568 1420 681 1477 animos
703 1424 786 1494 (nam
804 1429 837 1479 et
857 1419 1026 1480 Fabricium
1045 1441 1065 1480 a
1077 1424 1135 1473 Dio·

111 1516 202 1575 sociis
222 1514 341 1573 retineri
364 1512 548 1583 audiverant,
562 1524 643 1572 uteo
656 1516 776 1594 pignore
788 1534 856 1574 suos
868 1516 907 1575 ab
920 1514 1066 1575 Romania

110 1609 278 1670 mmlumes
299 1608 473 1687 reciperent,
501 1618 532 1667 st
556 1608 596 1667 ad
618 1607 768 1680 Etruscos,
794 1609 834 1668 ad
858 1608 1001 1679 Umbros,
1026 1610 1066 1670 ad

110 1704 226 1765 Gallos
251 1711 356 1763 contra
380 1702 521 1782 populum
550 1702 719 1763 Romam
753 1703 927 1775 incitandos,
954 1706 1068 1783 legatos

113 1800 208 1874 mitti)
221 1816 301 1857 nova
313 1800 430 1880 iusuper
442 1818 513 1857 curs
529 1798 673 1879 oppressit
684 1800 726 1858 rei
739 1819 807 1860 curn
819 1798 901 1860 iacto
913 1802 977 1880 ipso
989 1810 1067 1861 atro·

116 1896 173 1961 cis,
185 1900 249 1952 tius
262 1891 458 1952 lormidabilis
475 1893 615 1973 exempli,
630 1912 667 1951 ne
681 1893 761 1973 apud
773 1914 876 1953 omues
889 1894 984 1980 italos
996 1896 1067 1955 alie·

117 2008 239 2048 numo
253 1997 383 2068 ternpore
398 1985 537 2049 Romana
558 1986 633 2047 fides
653 1988 684 2047 in
705 1990 900 2068 suspicionem
920 1987 1069 2049 etodium

116 2083 323 2145 adduceretur.

115 2218 121 2223 -
154 2186 208 2243 27.
231 2178 271 2238 In
284 2186 417 2237 extremm
431 2176 530 2239 Italioe
542 2178 641 2238 littore
654 2188 758 2239 contra
769 2178 905 2239 Siciliam
922 2176 1070 2257 Rhegium

116 2286 172 2347 est,
191 2276 295 2336 Greci
316 2277 452 2346 nominis,
473 2276 652 2356 temporibus
672 2275 732 2335 illis
751 2274 858 2335 florens
877 2285 909 2336 et
927 2275 1070 2356 opulenta

116 2374 234 2441 ciuitas.
278 2370 327 2430 Ee
350 2390 417 2430 curn
442 2370 573 2431 sdvermu
598 2371 709 2450 Pyrrhi
729 2390 866 2449 maguum
887 2381 919 2430 et
939 2370 1069 2431 terribile
1080 2377 1168 2444 Polyb.
1179 2394 1199 2427 ι.
1207 2383 1232 2429 t.

116 2467 231 2526 bellum
257 2474 388 2525 cerneret
408 2484 592 2541 consurgere,
615 2472 757 2545 preterea
775 2465 918 2525 domninus
943 2465 1069 2525 Cartba-

118 2562 295 2639 ginieusiem
310 2562 339 2619 in
357 2560 411 2621 illo
423 2561 497 2619 mari
510 2560 687 2636 vagantibus
698 2568 871 2629 terreremur
893 2558 990 2619 diffisa
1001 2561 1070 2619 riri·

119 2659 174 2717 bus
188 2657 262 2724 suis,
280 2654 484 2715 arcessendum
505 2674 526 2713 a
545 2653 691 2714 &manis
703 2653 869 2733 praesidium
880 2656 1069 2715 existimarit.

121 2750 217 2811 Missa
228 2758 299 2809 sunt
311 2750 436 2809 militum
449 2749 544 2808 millia
562 2756 697 2828 quatuor,
710 2768 749 2808 ex
763 2748 937 2829 Campaniae
948 2750 1072 2809 coloniis
1097 2754 1151 2806 Ir'v.
1168 2754 1233 2819 Epir.

120 2847 230 2926 scriptu
243 2864 357 2916 muru,
370 2854 401 2905 et
421 2845 489 2905 inde
509 2846 588 2923 legio
603 2844 759 2925 Campana
778 2846 941 2925 appellata,
954 2846 1070 2906 tribuno
1082 2834 1234 2931 ffifflffl·

122 2941 251 3001 militum
264 2940 362 3001 Decio
374 2938 508 3001 Jubellio
519 2939 692 3000 deducente.
727 2938 791 2999 His
802 2942 842 2999 ab
854 2942 938 3000 initio
950 2940 1070 3019 quidem
1081 2950 1122 2995 28.

124 3054 220 3114 neque
239 3034 313 3095 fides
331 3037 362 3094 in
380 3033 567 3095 defendenda
588 3036 671 3105 urbs,
685 3054 781 3113 neque
800 3034 955 3113 diligentia
966 3034 1069 3095 defurit.
1080 3010 1167 3074 Polyb.

123 3128 254 3201 Deinde,
267 3132 339 3209 quia
347 3130 421 3190 belli
433 3132 612 3211 propinquus
624 3138 718 3191 metus
730 3129 829 3188 nullus
841 3138 915 3198 erat,
927 3129 1071 3210 paulatim

121 3229 182 3288 otio
201 3236 236 3287 et
248 3226 365 3287 Grecis
375 3228 592 3287 consuetudinis
605 3226 769 3287 imitatiom
781 3225 811 3286 in
824 3224 927 3284 luxum
939 3225 1071 3295 resoluti,

121 3330 353 3402 praestemque
373 3323 489 3402 copiam
508 3342 576 3383 cum
595 3321 669 3383 dura
684 3330 716 3381 et
734 3321 884 3393 laboriosa
896 3321 970 3391 vita,
982 3338 1072 3400 qnam
1094 3316 1234 3395 ¹?er

121 3436 251 3497 eousque
273 3426 406 3495 egerant,
427 3426 641 3499 comparantes,
663 3418 909 3497 opportunitatem
929 3417 1019 3486 urbis,
1041 3425 1073 3475 et
1082 3396 1198 3497 (1¹:12,sp

122 3512 287 3575 incolarum
306 3511 489 3583 felicitatem,
501 3532 633 3573 sermone
651 3512 822 3592 cupiditatis
833 3521 865 3570 et
877 3511 996 3572 invidiae
1010 3512 1073 3592 ple·
1084 3526 1172 3592 Polyb.

122 3624 172 3677 no,
187 3607 218 3667 in
230 3605 349 3667 circulis
360 3615 391 3666 et
401 3607 536 3687 hospitiis
546 3609 605 3667 suis
617 3606 729 3685 agitare
740 3616 898 3687 coeperunt.

162 3708 215 3762 ἥ.
238 3699 454 3762 Delectabatur
466 3698 595 3763 coiecto
608 3702 733 3772 Decius,
745 3703 798 3781 qui
816 3710 848 3761 et
866 3703 928 3783 ipae
940 3702 1004 3782 pari
1023 3721 1073 3760 re·
1086 3711 1145 3762 Dio.

5 3850 6 3883 r
124 3794 226 3856 cordis
241 3796 349 3856 docus
365 3797 539 3858 sceleratam
558 3794 739 3878 occupandae
751 3797 831 3856 urbis
849 3797 1004 3857 consilium
1015 3796 1074 3874 pri-

5 3916 6 3959 3
124 3890 194 3951 dem
206 3893 305 3951 animo
318 3902 503 3972 conceperat.
544 3887 680 3953 Favebat
692 3892 810 3952 occasio
827 3891 976 3972 mesenus
991 3887 1075 3959 belli,

5 3982 7 4025 t
123 4006 184 4066 qno
195 3988 312 4046 sciebat
331 3988 374 4046 ita
392 3986 526 4065 distringi
540 3987 702 4057 Romanos,
716 3996 750 4045 ut
762 3986 933 4064 Rheginum
952 4003 1012 4043 rem
1023 4005 1074 4044 eu-

5 4080 6 4097 *
125 4083 215 4141 raturi
230 4100 288 4141 nou
301 4092 416 4141 west:
438 4091 469 4141 et
481 4084 510 4141 in
523 4083 644 4143 adverso
652 4083 752 4144 littore
760 4082 965 4149 Mamertinos,
975 4100 1074 4139 exem-

126 4175 207 4255 plum
226 4177 315 4237 mmul
327 4176 424 4238 felicis
435 4179 564 4250 sceleris,
578 4186 610 4239 et
620 4178 724 4237 similis
736 4176 868 4256 perfidie
880 4176 960 4236 baud
970 4176 1075 4234 dubios
