2917 4767
156 426 158 429 -
265 379 352 444 178⁰
734 393 768 440 r.
792 393 886 442 nrvrr

264 555 361 628 rages
382 555 441 620 per
462 537 548 614 rias,
566 555 641 619 quse
664 555 784 621 repens
801 535 915 602 clsrles
934 536 1049 613 ullam,
1071 555 1220 623 queeqne
1236 537 1358 604 lortmr

265 641 436 704 exercitus
451 645 553 716 essct,
565 638 685 704 obvios
697 645 986 721 percunctantum*
1031 639 1166 706 Etcum
1185 639 1359 724 frequentis

265 741 435 805 concionis
447 741 548 804 morlo
559 740 700 806 tnrbaiu
711 740 884 806 comitium
898 748 934 806 et
944 741 1070 806 curiam
1081 761 1185 806 versa
1195 742 1359 823 magistra·

230 868 238 874 v·
263 850 317 904 lus
343 843 499 922 vocaret3
522 841 657 906 tandem
672 839 779 906 inauri
794 843 898 907 mullo
924 849 1001 907 ante
1026 843 1108 908 solis
1129 861 1294 908 occasum
1314 842 1357 908 M.

265 941 476 1025 Pomponius
493 950 628 1026 praetor,
645 940 807 1024 ‘Pugne,'
827 943 950 1026 iuquit,
966 947 1109 1024 ‘magna
1122 943 1206 1008 victi
1223 942 1360 1008 sumus?

264 1049 308 1119 et,
323 1049 514 1126 quanquam
530 1045 610 1110 nilril
628 1045 753 1109 certius
768 1063 812 1108 ex
828 1065 870 1110 eo
891 1045 1044 1110 auditum
1060 1052 1123 1121 est,
1142 1055 1260 1110 temen
1282 1044 1358 1108 alius

264 1148 309 1209 ab
323 1147 393 1210 alio
408 1145 535 1230 impleti
549 1147 738 1211 rumoribus
753 1145 872 1212 domos
887 1147 1047 1222 referunt,
1069 1146 1266 1210 ‘consulem
1291 1165 1357 1208 curn

263 1265 385 1328 magna
400 1253 495 1329 perte
509 1247 684 1330 copiarum
698 1266 845 1312 oaesum:
868 1267 1044 1330 superesse
1059 1266 1205 1330 paucos,
1219 1258 1278 1311 aut
1287 1245 1356 1326 luga

264 1347 395 1429 passim
409 1368 468 1432 per
482 1347 648 1412 Etruriam
666 1355 885 1431 spumosum
902 1363 1025 1432 captos
1046 1349 1089 1414 ab
1110 1344 1231 1412 hoste!
1273 1345 1357 1423 Quot

262 1468 363 1512 casus
388 1449 557 1514 exercitus
571 1449 652 1515 victi
675 1452 815 1528 suerent,
830 1450 923 1516 tolio
946 1470 1045 1516 cures
1068 1450 1239 1533 dispertiti
1255 1467 1355 1514 eorum

264 1551 364 1615 animi
380 1557 487 1626 eraut,
508 1569 650 1633 quorum
676 1552 858 1637 propinqui
880 1553 944 1617 sub
970 1551 1011 1616 C.
1033 1552 1204 1618 Flaminio
1233 1549 1356 1616 consule

263 1659 461 1727 meruerant,
482 1653 717 1734 ignorantium,
733 1673 811 1738 qum
826 1652 992 1736 cujusque
1006 1672 1140 1719 suorum
1155 1653 1290 1718 fortuna
1310 1670 1354 1716 es·

263 1759 326 1816 set.
370 1751 447 1816 Nec
471 1753 649 1837 quisquam
672 1755 759 1819 satis
781 1761 907 1820 certum
924 1754 1039 1833 habet,
1062 1755 1143 1839 quin
1169 1761 1231 1820 eut
1245 1757 1353 1835 speret,

262 1863 322 1919 ant
336 1855 465 1920 timent.
510 1855 654 1920 Postero
668 1875 710 1921 ao
725 1857 887 1939 deinceps
907 1858 1036 1940 aliquot
1048 1856 1172 1922 diebus
1189 1857 1233 1920 arl
1249 1865 1353 1938 portas

261 1956 369 2039 major
383 1975 488 2040 prope
502 1957 689 2034 mulierum,
705 1977 805 2041 quam
821 1959 977 2031 virorum,
991 1959 1172 2024 multitudo
1188 1959 1291 2032 stetit,
1304 1960 1354 2018 aul

262 2077 398 2122 suorum
413 2059 570 2142 aliquem,
585 2067 646 2124 aut
660 2060 795 2124 nuntios
810 2059 853 2122 de
874 2059 928 2122 his
943 2061 1143 2143 opperiens:
1161 2056 1352 2124 circumfun-

262 2159 488 2248 debanturque
511 2160 622 2225 obviis
647 2161 880 2241 sciscitantem
913 2179 1021 2244 neque
1048 2161 1162 2238 evelli,
1185 2161 1296 2242 utique
1314 2157 1350 2220 alr

261 2263 362 2338 notis,
392 2262 497 2344 prins,
526 2280 628 2345 quam
654 2262 772 2326 ordine
793 2265 905 2328 omnis
933 2262 1163 2346 inquisissent,
1195 2265 1351 2346 poterent.
1425 2341 1426 2350 ἵ

262 2360 348 2424 Inde
363 2362 473 2426 ramos
488 2363 600 2426 vultus
615 2361 868 2444 digredientium
881 2371 894 2411 ⁵
915 2365 960 2428 ab
986 2363 1113 2430 nuntiis
1129 2381 1294 2436 cerneres,
1318 2365 1349 2422 ut

261 2462 388 2545 cuique
401 2471 461 2527 aut
482 2463 567 2528 laeta
589 2469 649 2527 aut
666 2465 776 2529 tristia
799 2467 1057 2531 nnnuebamur:
1092 2466 1350 2547 gratulantesque

261 2571 320 2628 eut
342 2564 555 2630 consolantes
577 2564 796 2630 redeuntibus
819 2566 939 2631 domos
958 2566 1196 2633 circumfusos.
1240 2563 1349 2628 Foemi·

260 2681 376 2726 narum
392 2664 560 2747 praecipue
570 2671 605 2729 et
617 2665 742 2746 gaudia
757 2667 901 2749 insignia
915 2676 1020 2745 erent,
1035 2675 1070 2733 et
1084 2669 1210 2734 luctus.
1253 2665 1349 2731 Unam

260 2766 295 2827 in
310 2765 388 2846 ipsa
401 2773 511 2849 porta,
525 2767 650 2850 sospiti
676 2768 746 2832 filio
768 2780 905 2852 repente
920 2769 1095 2847 oblaturus
1116 2772 1151 2834 in
1176 2772 1347 2850 conspectu

247 2867 335 2950 'ejus
349 2869 525 2951 expnasae
539 2867 667 2948 ferrmt3
690 2870 842 2948 alteram,
862 2871 918 2935 cui
932 2890 1023 2935 mors
1037 2871 1097 2936 lilii
1111 2871 1200 2936 lulso
1211 2865 1349 2934 nuntiata

261 2976 345 3046 orat,
360 2977 515 3033 moestam
532 2968 702 3035 sedentem
718 2970 821 3048 domi,
838 2971 881 3036 sd
905 2971 1048 3056 primum
1069 2977 1284 3055 conspectum
1305 2983 1347 3029 re·

262 3071 394 3136 deuotis
414 3069 475 3134 filii
491 3069 614 3152 gaudio
628 3071 731 3136 nimio
746 3075 983 3138 exanimatum.
1027 3073 1186 3140 Senatum
1203 3079 1346 3162 praetores

262 3172 405 3257 perdice
418 3173 549 3255 aliquot
572 3174 616 3238 ab
640 3180 739 3238 orto⁷
763 3195 870 3259 usque
895 3175 939 3239 ad
964 3175 1172 3242 occidentem
1196 3175 1297 3242 solem
1316 3171 1345 3233 in

262 3277 355 3341 curia
369 3275 518 3351 retinent,
534 3276 774 3354 consultantes,
792 3296 937 3361 quonum
954 3277 1052 3356 duce,
1073 3283 1132 3342 aut
1152 3279 1273 3361 quibus
1295 3291 1345 3337 co·

262 3379 340 3461 piis,
353 3377 464 3440 rosisti
480 3377 663 3440 victoribus
678 3377 797 3443 Poenis
813 3385 944 3462 posset.

304 3479 337 3544 8.
360 3479 458 3543 Prius
481 3495 581 3560 quam
609 3480 696 3543 satis
715 3489 810 3548 certe
834 3481 975 3546 consilia
1000 3488 1127 3558 essent,
1152 3497 1269 3566 repens
1288 3473 1343 3540 alis

261 3581 431 3643 annuatur
452 3578 586 3643 clades:
608 3587 752 3664 quatuor
776 3585 881 3648 millia
903 3584 1064 3667 equitum,
1082 3603 1159 3648 cnm
1183 3583 1223 3646 G.
1237 3579 1342 3644 Gente-

261 3682 320 3744 nio
335 3679 348 3718 ⁸
371 3700 432 3764 pro
448 3688 589 3763 praetore
602 3683 706 3747 missa
716 3686 761 3750 ad
775 3686 934 3766 collegam
949 3686 993 3750 ab
1004 3684 1146 3749 Servilio
1161 3681 1300 3754 consule,
1313 3675 1341 3736 in

262 3781 430 3862 Umbris,''
452 3801 519 3866 quo
531 3790 612 3867 post
627 3805 774 3868 pugnam
790 3787 834 3856 ed
849 3788 1086 3856 Trasimenum
1101 3786 1249 3852 auditum
1262 3795 1340 3846 arer-

261 4097 356 4154 quitur
367 4091 472 4143 atrior:
488 4091 634 4144 State-8
652 4095 692 4145 Ec
702 4095 770 4145 curio
780 4095 849 4158 conj.
860 4095 1014 4146 Ennoea-4
1029 4096 1129 4146 ‘Forte
1139 4089 1338 4158 permwtrbflm·

261 4163 307 4202 errt
323 4156 355 4203 rit
374 4169 420 4215 oro
436 4156 514 4206 erret!
533 4159 674 4209 lintres-5
692 4159 891 4224 Degreoientian
908 4175 957 4228 pro
972 4162 1066 4224 duran.
1083 4161 1200 4226 reposuit
1215 4151 1337 4210 erues-t

261 4218 332 4268 Olim
343 4217 480 4270 oblato-l
498 4221 561 4274 Mo.
574 4221 630 4272 l'cre
642 4239 730 4275 omnes
742 4225 771 4278 ul
780 4229 843 4275 orta.
