2917 4767
479 379 553 426 eru.
576 377 677 426 xxu.
702 380 784 429 cnr.
806 368 860 430 45.
1121 371 1206 436 1849

149 524 208 588 45.
230 523 323 590 Dum
339 523 616 588 altercationibus
639 524 759 606 mame,
773 545 874 609 quum
895 529 1056 608 consiliis,
1072 537 1207 616 tempus

98 627 242 706 teritur;
267 625 437 692 Hannibal
453 645 498 689 ex
512 626 597 705 acie,
616 646 717 709 quam
736 627 779 692 ud
801 629 941 694 multum
963 630 1029 696 diei
1056 641 1206 700 tenuerat

98 729 313 804 instructam,
328 748 404 792 cum
419 729 454 792 in
468 737 581 813 castra
601 737 731 794 ceteras
752 733 917 814 reciperet
936 734 1069 814 copias,
1086 733 1208 798 Numi-

98 831 169 895 das
183 831 229 896 ad
244 830 449 895 invadendos
462 850 507 894 ex
520 831 705 898 minoribus
720 835 839 898 castris
856 832 1084 898 Romanorum
1100 853 1206 917 aqua*

100 939 200 996 tores
221 937 312 997 trans
330 929 455 996 flumen
478 933 589 997 mittit.
633 932 746 1011 Quam
761 935 967 1000 inconditam
984 935 1114 999 turbam
1128 955 1206 1002 cum

99 1033 247 1097 vixdum
262 1035 297 1096 iu
313 1035 419 1116 ripam
440 1036 565 1114 egressi
586 1035 730 1102 clamore
750 1056 791 1100 ac
813 1035 959 1100 tumultu
973 1035 1156 1118 fugassent,
1172 1039 1207 1102 in

99 1135 285 1198 stationem
307 1154 443 1217 quoque
468 1155 532 1218 pru
556 1136 661 1220 vallo!
672 1138 821 1203 locatam
847 1145 949 1221 atque
974 1139 1069 1221 ipsas
1099 1158 1208 1222 prope

98 1241 223 1317 portae
246 1236 354 1300 evecti
377 1232 475 1300 suut.f
517 1237 558 1300 ld
585 1256 664 1301 vero
689 1239 859 1320 indignum
881 1241 1002 1316 visum,
1019 1241 1063 1303 ab
1085 1241 1207 1304 tumul*

100 1337 218 1401 tuario
244 1336 373 1401 auxilio
397 1339 470 1420 jam
496 1338 599 1402 etiam
625 1347 738 1404 castra
764 1339 921 1404 Romana
944 1342 1079 1405 terreri:
1101 1346 1138 1405 ut
1164 1361 1206 1406 ea

98 1436 209 1502 modu
224 1456 291 1501 una
306 1456 422 1516 causa,
437 1459 478 1502 ne
497 1442 668 1525 extemplo
682 1443 859 1506 transirent
873 1442 996 1505 flumen
1012 1441 1207 1522 dirigerent»

100 1560 172 1622 que
189 1540 310 1614 aciem,
325 1541 471 1604 tenuerit
486 1540 674 1620 Romanos,
689 1544 780 1626 quod
795 1562 926 1608 summa
947 1543 1078 1626 imperii
1093 1563 1133 1606 eu
1148 1542 1206 1606 die

98 1661 211 1724 penes
235 1641 392 1705 Paullum
416 1641 524 1706 fuerit
569 1643 690 1726 Itaque
704 1644 814 1708 Varro
833 1650 969 1728 postero
985 1644 1051 1722 die,
1066 1645 1120 1708 cui
1134 1659 1207 1720 sura

99 1744 179 1828 ejus
191 1741 262 1806 diei
276 1743 405 1826 imperii
419 1750 501 1822 erat,
513 1745 596 1810 nihil
609 1744 767 1810 consulto
783 1745 923 1828 collega,
936 1746 1066 1827 signum
1083 1763 1208 1827 pugnae

97 1845 332 1927 proposuit,²⁸
361 1845 613 1930 instructasque
636 1847 755 1929 copias
782 1847 904 1911 llumen
932 1847 1124 1923 traduxit‚³†
1151 1865 1207 1910 se-

98 1952 229 2028 qnente
243 1945 385 2024 Puull03
407 1947 490 2028 quia
509 1948 617 2030 magis
637 1967 706 2012 nou
728 1949 881 2030 probare,
905 1965 1007 2030 quam
1030 1965 1097 2011 non
1111 1947 1204 2028 adju-

98 2067 196 2124 rare,
221 2048 398 2112 consilium
420 2054 565 2129 poterat.
608 2049 826 2130 Transgressi
842 2048 964 2112 flumen
981 2067 1040 2112 eas
1055 2067 1205 2131 quoque,

98 2169 191 2232 quas
207 2148 241 2212 in
257 2149 375 2212 castris
387 2149 569 2213 minoribus
579 2148 772 2228 habuerant,
783 2151 901 2233 copias
918 2147 987 2212 suis
1003 2145 1205 2232 adjungunt;

101 2259 208 2334 atque
229 2251 280 2314 ita
304 2252 467 2314 instructa
488 2251 573 2326 acie,
587 2250 623 2312 iu
642 2249 762 2314 dextro
778 2247 904 2314 cornuh
923 2248 975 2334 (id
991 2255 1064 2313 erat
1078 2247 1204 2314 flumini

99 2348 261 2434 propius)
276 2350 451 2416 Romanus
466 2350 600 2433 equites
614 2349 740 2429 locant,
756 2350 876 2416 deinde
894 2349 1022 2436 pedites
1035 2357 1068 2414 :⁴
1082 2351 1204 2418 luevutn

563 2527 745 2549 mul

132 2647 150 2690 2
166 2641 210 2691 Al.
219 2642 316 2702 sigum
329 2641 510 2704 properum-8
529 2640 598 2691 Olim
610 2641 754 2704 legebatur,
765 2641 931 2702 instructisque
942 2638 1113 2704 copiiaflum
1126 2642 1204 2686 truat-

97 2707 206 2756 inu-4
222 2709 230 2732 ‘
242 2706 360 2756 uuam
370 2707 458 2768 equitn
469 2706 556 2760 uenat.
567 2706 655 2754 ardice
668 2707 767 2766 peditur,
781 2707 820 2753 uel
832 2705 904 2754 medii
916 2705 1008 2766 pedites
1019 2718 1056 2752 rc.
1067 2709 1152 2762 eraut,
1164 2701 1205 2748 uel

97 2770 204 2820 medium
213 2771 321 2834 perlita.
331 2775 487 2820 ..tenuemt
499 2769 625 2834 suspicari
636 2770 721 2832 pnreia
732 2783 789 2818 curu
801 2767 827 2818 J.
836 2769 866 2820 F.
875 2765 997 2819 Gronau!
1014 2767 1116 2828 Ruprrt.
1143 2763 1205 2812 vm.

596 2895 708 2946 NOTAE

133 2994 143 3027 ¹
157 2996 210 3044 Prc
220 2995 280 3044 cetto
290 2997 391 3044 locutum
401 2999 472 3056 atque
485 2995 548 3056 ipm
557 3007 632 3055 prope
673 2999 726 3041 taur
739 3005 771 3040 ex
784 2990 907 3041 Auctoris
915 2992 994 3054 ipsine
1007 2989 1103 3044 verbis.
1115 2989 1136 3038 ai
1149 3003 1204 3039 rec·

96 3076 183 3134 portur
193 3072 270 3120 euecti
280 3070 349 3134 eunt]
368 3069 487 3119 Galliis
501 3071 632 3117 dmutreat
673 3073 700 3115 te
714 3067 925 3129 interpretemur,
937 3068 974 3116 ita
991 3067 1101 3116 divisum
1113 3065 1203 3122 fuisse,

92 3147 196 3208 juquer
214 3161 263 3195 nun
279 3145 474 3209 corps-repnte
485 3143 530 3192 urie
545 3145 632 3191 deccat
672 3147 702 3190 ut
719 3148 933 3204 praeterccruun,
948 3141 1082 3205 inquibat
1101 3139 1204 3204 equitet

98 3224 134 3270 les
143 3221 353 3282 retruncieareatr,
363 3225 387 3268 et
399 3234 498 3282 presque
507 3219 632 3282 ‚turpent
672 3217 803 3280 utrimque
815 3217 903 3273 locuti,
920 3217 988 3266 ecies
1000 3215 1085 3264 media
1098 3215 1203 3278 peditea

99 3301 124 3348 lu
131 3305 203 3362 perte
213 3301 246 3347 du
253 3299 316 3362 petit
327 3299 446 3358 cumpder
457 3295 581 3344 murem.
672 3290 790 3354 haberet,
807 3291 840 3340 ud
853 3291 972 3340 dextrum
988 3289 1091 3354 quidem
1108 3289 1204 3339 Rome-

133 3374 268 3435 turgum
281 3386 369 3436 puguoe
379 3369 513 3435 proposuit]
530 3367 630 3418 lderat
671 3381 719 3416 nor
740 3367 904 3432 legionarios,
926 3368 959 3416 ud
989 3367 1118 3416 sinistram
1142 3379 1204 3415 vero

100 3451 218 3515 ungulum
235 3451 290 3499 rire
310 3451 397 3497 tunica
413 3447 534 3508 coccinea
553 3458 631 3507 rupta
671 3443 1120 3508 uncialee,quidicuntur-interimet
1132 3443 1204 3507 equi·

100 3528 175 3576 ducie
185 3511 326 3576 'tentorium
338 3538 463 3589 expansu,
477 3529 544 3573 teste
559 3519 631 3570 Plut.
673 3517 743 3568 tibur
754 3517 806 3566 uuir
825 3515 904 3568 fuisse
920 3519 945 3567 iu
958 3525 1075 3568 extremo
1092 3519 1157 3568 laevc
1169 3518 1205 3566 lu·

99 3602 205 3652 inFub.
673 3602 729 3643 tere
742 3595 900 3644 conutitutis.
933 3594 965 3644 Id
979 3611 1010 3644 eu
1021 3594 1132 3657 Polybio
1144 3608 1205 3644 cou-

133 3688 145 3732 t
165 3679 265 3727 umen
282 3675 402 3738 traduxit]
420 3672 538 3738 Uterque
557 3685 632 3722 exer·
672 3670 767 3719 firmari
781 3671 932 3734 pcteat‚qui
944 3678 1014 3720 notat
1026 3670 1204 3720 ordiueedeu·

98 3754 169 3804 eitnr
186 3751 291 3801 flurium
310 3749 423 3813 trajecit.
442 3747 512 3812 quod
524 3759 634 3794 commc-
673 3748 755 3801 riurei
767 3745 847 3795 finiere
866 3746 891 3796 iu
908 3746 1030 3794 subsidiis
1048 3750 1077 3793 et
1088 3753 1205 3794 extreme

99 3829 159 3877 dior
171 3835 242 3877 meet
260 3827 312 3875 illie
331 3839 435 3888 campus
453 3823 486 3871 ud
503 3823 633 3871 instrueu-
674 3823 739 3882 acie,
760 3835 835 3884 quern
858 3821 885 3869 in
908 3819 1004 3881 fronte,
1021 3819 1204 3880 multiplicari·

100 3902 265 3952 demaciem.
282 3901 437 3949 ueterem.
672 3885 774 3947 edilicet
803 3898 829 3945 in
857 3895 1020 3945 altitudinem
1049 3893 1205 3956 inanipulie5

131 3979 145 4012 ¹¹
164 3979 195 4026 lu
211 3980 296 4027 dextro
306 3975 392 4038 ccruu]
417 3973 532 4023 Videtur
544 3971 632 4020 Liuius
672 3973 739 4022 hanc
751 3973 818 4020 euim
831 3970 888 4034 ejus
905 3969 1059 4018 senteutiam
1075 3981 1132 4016 eane
1144 3981 1204 4017 cum

101 4056 128 4104 in
139 4053 192 4104 duo
210 4060 313 4102 tuntum
329 4064 425 4100 coruun
442 4056 524 4097 tutum
537 4043 632 4095 Rome·⁴
673 4048 819 4115 interprete
830 4044 936 4108 Potyutt
947 4050 975 4093 et
993 4042 1125 4092 Grouorin
1137 4042 1205 4092 arbi·

98 4145 190 4180 uorum
208 4125 488 4178 exercitumdiridere.
514 4121 635 4186 Apparet
674 4131 740 4172 trcr.

101 4215 261 4270 tumeu‚tum
272 4218 304 4253 ex
313 4217 384 4253 mure
394 4203 494 4254 militie
503 4201 635 4262 Romanae,

165 4284 440 4351 napuuvucur.
616 4277 709 4329 utun.
1085 4273 1140 4321 er
