2917 4767
404 378 509 427 nrnnr
535 376 606 427 xx.
629 378 951 432 surrcnnnuruu.
1143 367 1230 434 1⁶⁴1

91 516 125 575 in
155 516 290 578 Etruria
307 518 414 579 mum
435 518 536 581 ardere
557 522 662 592 tuum,
688 520 818 583 Arimini
835 531 923 583 noctu
944 522 1064 594 luxisse,
1077 535 1148 587 οωι.

92 620 228 693 tresque
246 615 335 675 lunas
351 616 457 675 eodem
477 626 607 697 tempore
629 620 797 698 apparuisse
815 619 1015 690 nuntiabatur,
1035 628 1068 679 et
1077 600 1211 718 {22¹²

92 708 188 785 quod
213 709 327 771 Romrc
352 711 381 769 in
399 710 465 770 forn
478 712 576 771 vultur
597 712 729 791 perdice
748 714 912 794 complures
930 714 1065 775 sederat:
1076 700 1188 781 zoam·
1214 701 1221 714 ’

93 822 176 865 um
201 806 262 865 sub
285 807 363 867 idem
379 808 454 867 forte
471 816 584 888 tempus
599 808 689 867 Garia
709 818 791 868 motu
809 818 894 869 terra
913 829 1065 881 concussa,
1093 840 1191 900 Mum

91 910 129 959 et
141 901 309 982 mum
322 900 426 963 naon
438 903 568 963 eorum
586 903 658 965 nnn
675 912 740 963 mm
755 904 795 963 ac
814 925 876 965 rem
897 902 1143 1025 niumaga
1157 880 1228 957 012»

91 998 259 1074 pertinere
268 998 474 1059 credebantur.
509 998 681 1059 Ceterorum
690 1019 782 1059 causa
791 1000 918 1060 consulti
931 1020 1065 1078 anguinea
1077 970 1173 1084 ulfi„
1183 1038 1208 1083 ⁷.

93 1092 274 1153 ‘comtes
295 1094 369 1153 vitio
389 1103 503 1153 creatos
520 1094 635 1165 rideri,’
655 1094 876 1175 responderunt,
899 1097 1159 1177 wentequczuw·

92 1197 175 1247 sunt
187 1200 313 1249 senaim
326 1189 364 1249 ad
377 1210 428 1251 eoa
440 1190 543 1261 literae,
557 1192 663 1270 φιίὶιιιε
676 1192 705 1250 in
724 1192 827 1252 urbem
840 1193 1064 1251 revocabantur.

94 1282 160 1342 Illi
181 1286 263 1345 inter
283 1286 349 1344 baec
372 1306 423 1365 per
443 1285 575 1345 inducias
596 1286 756 1345 Insubrum
774 1306 846 1365 agro
868 1297 1098 1357 exoesserant,p
1137 1308 1163 1360 b,

93 1379 219 1441 deinde
232 1381 264 1439 in
277 1380 516 1441 Cenomanorum
537 1380 646 1441 finibus
665 1384 809 1442 sociorum
822 1383 921 1442 ascitis
933 1381 1062 1452 auxiliis,
1074 1372 1127 1421 δῖ’·
1161 1374 1228 1439 Μ·

95 1476 216 1535 iterum
236 1496 361 1556 campos
380 1476 511 1557 Alpibus
533 1478 719 1555 subjacentes
740 1478 876 1538 infestare
895 1441 1171 1565 creperant:b',i5¹b⁶‚'

96 1571 297 1651 pemotiqu'e
310 1572 356 1631 ira
369 1570 518 1642 Insubres,
540 1574 631 1633 etiarn
649 1575 744 1633 aureis
761 1574 852 1652 signis
863 1594 902 1633 ex
915 1574 979 1632 ede
1000 1573 1064 1633 bli-

97 1686 205 1727 nervae
220 1667 395 1747 depromtis,
410 1686 477 1747 quae
488 1668 649 1729 immobilia
658 1670 853 1742 vocabantur,
866 1668 946 1749 quod
959 1669 1015 1728 nisi
1023 1670 1063 1728 ob

97 1770 278 1823 extremam
284 1764 487 1822 necessitatem
500 1766 610 1825 moveri
622 1764 669 1825 lus
681 1785 741 1825 uon
753 1774 841 1835 emet,
854 1783 922 1824 curn
931 1764 1063 1825 exercitu
1147 1759 1152 1769 ’

98 1858 330 1937 qninquaginta
342 1857 465 1917 millium
475 1869 671 1931 occurrerant,
686 1862 751 1919 acie
763 1860 942 1921 dimicaturi.

102 1960 106 1967 '
143 1960 199 2015 48.
222 1954 300 2015 Hoc
313 1955 352 2014 ad
366 1964 482 2035 ternpus
502 1956 592 2017 lite'roe
612 1962 860 2019 scnaursvcncrc.
896 1956 1063 2017 onimi-
1092 1956 1216 2007 Limu.

101 2052 185 2121 nius,
207 2052 273 2109 si're
290 2052 460 2129 conjectura
478 2070 579 2111 earum
596 2062 799 2130 argumentum
820 2061 981 2120 assecutus,
1001 2052 1064 2110 sive
1075 2024 1119 2071 ⁶⁸·

102 2146 202 2205 literis
216 2147 379 2206 amicorum
396 2149 594 2225 praemonitus,
617 2145 741 2224 collegis
750 2146 915 2225 'pemunsib
936 2165 974 2204 ne
995 2153 1064 2203 ante
1075 2160 1159 2213 zm,

99 2260 240 2321 pugnam
253 2243 438 2301 commissam
452 2244 641 2322 aperirentur.
684 2242 736 2301 Sic
753 2242 902 2301 obstinmo
920 2240 959 2299 ad
977 2240 1063 2300 ‹limi-

100 2337 238 2397 candum
265 2338 376 2404 aninlo,
402 2336 440 2395 de
460 2337 580 2397 auxiliis
605 2336 764 2397 Gallorum
789 2336 1005 2407 deliberabant,
1025 2355 1062 2395 ue
1075 2353 1162 2420 Polyb.

101 2432 181 2491 forte
196 2430 336 2509 neglecta
347 2450 467 2490 causam
481 2432 608 2491 nocendi
624 2432 786 2499 haberent;
807 2431 952 2502 adbibita,
973 2451 1062 2491 occa·

100 2529 238 2587 sionem
253 2526 360 2585 levitas
367 2526 445 2585 enim
458 2526 553 2603 gentis
565 2527 734 2597 timebatur,
748 2528 907 2606 praesertim
922 2526 1061 2587 udueruu

100 2630 269 2700 cognatum
290 2622 404 2680 bostem
421 2621 605 2701 suscipiendo
622 2622 733 2695 pmlin.
768 2620 902 2677 Tandem
914 2622 971 2679 boc
988 2642 1060 2678 con·

100 2718 204 2776 silium
228 2716 353 2795 placuit.
404 2714 513 2771 Gallos
537 2711 566 2769 in
594 2709 759 2771 ulteriorem
785 2711 880 2789 ripum
905 2713 1060 2772 minuriunt:

100 2812 217 2873 deinde
231 2814 373 2889 ruperunt
385 2816 505 2887 pontes:
527 2808 570 2867 ita
582 2826 677 2885 neque
701 2804 771 2865 leudi
792 2806 832 2864 ab
851 2806 887 2865 iis
907 2804 1064 2867 Romanurn

102 2916 236 2989 poteret,
258 2913 299 2975 et,
320 2902 408 2983 copia
427 2902 506 2981 fugae
520 2903 636 2983 penitus
648 2900 761 2971 abluta,
783 2902 883 2960 omnia
903 2901 933 2959 in
954 2902 1062 2961 virtute

102 3012 170 3062 eret
197 3001 360 3059 babitunas.
407 2997 486 3057 Post
513 3016 581 3057 acre
604 2994 748 3077 prelium,
769 2994 1063 3055 victuria'Romanis

102 3098 212 3177 cessit3
236 3095 342 3173 majori
354 3093 536 3153 tribunorum
549 3091 648 3161 laude,
669 3111 760 3169 quum
772 3090 935 3151 consulum.
978 3090 1062 3151 Nam

104 3192 145 3251 C.
161 3190 330 3250 Flaminius
342 3190 437 3248 aciem
453 3188 496 3247 ita
515 3189 586 3266 ripae
599 3186 726 3245 fluminis
739 3185 920 3256 admoverat,
943 3194 977 3245 ut
989 3187 1062 3246 nibil

105 3286 147 3345 ad
174 3294 328 3364 receptum
353 3283 517 3343 cohortium
539 3280 716 3361 relinqueret
741 3280 849 3361 spatii:
870 3280 950 3340 baud
973 3280 1061 3341 dubie

105 3392 207 3441 totum
219 3380 381 3439 exercitum
394 3377 570 3459 perditurus,
583 3378 608 3435 si
621 3377 790 3455 urgentibus
802 3375 935 3436 hostibus
945 3376 1061 3436 relmi-

107 3478 222 3536 nimum
242 3474 376 3534 recedere
397 3480 519 3533 euectus
533 3472 645 3531 luisset.
686 3470 809 3530 Tribuni
822 3492 902 3542 vero,
919 3472 1062 3552 prioribus
1188 3536 1193 3543 ,

107 3570 222 3653 praeliis
244 3571 370 3651 experti,
392 3569 551 3629 Gallorum
572 3570 632 3627 rim
653 3587 768 3627 omnem
787 3567 816 3626 iu
838 3568 933 3647 primo
951 3569 1061 3648 impetu

110 3688 186 3737 esse,
206 3668 285 3725 huuc
307 3665 489 3735 acerrimum,
510 3662 562 3723 scd
583 3664 713 3733 brevem,
737 3663 762 3721 si
783 3663 848 3741 quis
867 3663 1060 3732 sustinuisset,

110 3760 182 3821 nibil
203 3770 307 3841 postea
324 3760 511 3821 metuendum
532 3759 656 3827 babere,
675 3758 774 3839 primis
793 3758 942 3817 ordinibus
962 3758 1062 3817 hastas

110 3854 274 3915 fflanorum
284 3854 432 3925 dividunt,
444 3856 551 3935 quibus
559 3853 845 3932 bostiumexcipiant
855 3853 939 3923 ictris,
953 3851 1061 3911 deinde

111 3951 234 4029 abjectis
247 3951 293 4011 bis
307 3950 437 4029 gladium
451 3953 603 4029 stringant.

150 4056 199 4109 49.
230 4048 299 4108 Ubi
319 4056 439 4107 ventum
461 4046 500 4105 ad
522 4054 670 4106 nontamen
692 4053 748 4115 est,
775 4044 923 4102 bustarum
942 4042 1061 4119 objectu

115 4143 220 4205 Gallici
234 4142 330 4223 gladii
342 4144 440 4201 statim
454 4142 493 4201 nil
507 4143 630 4224 primum
643 4140 735 4199 ictum
747 4139 877 4199 hebetati
890 4140 1060 4218 curratique

169 4258 266 4322 deb.
277 4260 302 4306 el
317 4255 376 4306 Vur.
387 4255 451 4305 Glua.
627 4252 719 4301 Huius.
