2917 4767
511 388 583 436 urs.
608 387 697 438 xxi.
721 390 807 437 clu.
829 371 884 436 32.
1156 377 1242 444 1709

118 531 231 596 ribus
245 531 362 607 mmul,
382 542 493 615 neque
506 531 624 596 iisdem
639 531 747 596 alveis
762 531 883 610 fluens,
902 551 991 598 nova
1006 551 1138 618 semper
1153 535 1243 604 rada

122 651 318 718 novosque
333 636 505 718 gurgites}
519 633 569 718 (et
582 635 626 698 ob
644 636 760 700 eadem
777 634 884 718 pediti
899 653 1033 718 quoque
1048 635 1175 700 incerta
1190 639 1245 702 via

123 734 221 820 est,)
232 736 278 798 ad
289 736 365 800 baro
376 753 463 798 saxa
474 736 652 816 glareosa4
665 737 825 816 volvens,¹
839 735 923 800 nibil
935 737 1055 802 stabile
1066 757 1125 802 nec
1135 744 1244 804 tutum

123 835 335 918 ingredienti
351 837 496 920 praebet3
511 845 547 901 et
562 845 646 914 tam,
661 839 745 902 forte
758 839 919 902 imbribus
933 847 1065 916 auctus,
1081 841 1243 921 ingentem

126 939 464 1020 transgredientibus
487 938 663 1003 tumultum
686 940 778 1016 fecit,
802 959 878 1004 eum
895 959 994 1023 super
1009 949 1119 1006 cetera
1141 945 1244 1030 tropi·

128 1040 281 1106 datione
294 1042 364 1122 ipsi
378 1059 441 1104 saa
456 1048 556 1122 atque
571 1040 708 1104 incertis
724 1041 930 1104 clamoribus
945 1042 1163 1108 turbarentur.

178 1142 238 1206 32·
263 1141 307 1205 Ρ.
323 1141 498 1207 Comelins
510 1142 626 1207 consul
641 1143 751 1207 triduo
766 1143 834 1207 fere
849 1151 938 1225 post,
953 1163 1055 1226 quam
1070 1143 1244 1210 Hannibal

133 1247 184 1309 ab
198 1247 278 1327 ripa
298 1243 450 1308 Rbodani
460 1245 578 1322 movit,
594 1244 761 1326 quadrato
774 1246 907 1325 agmine
917 1243 959 1308 ad
971 1253 1081 1309 castra
1094 1244 1242 1309 hostiurn

133 1354 296 1437 venerat,
311 1346 437 1409 nnllam
449 1345 630 1410 dimicandi
646 1364 776 1410 moram
792 1345 956 1410 facturus.
1000 1343 1169 1425 Ceterum,
1185 1348 1244 1411 nbi

139 1448 280 1512 deserta
294 1449 512 1524 munimenta,
536 1466 598 1511 nec
613 1447 714 1512 facile
734 1468 772 1512 se
798 1452 923 1511 tantum
940 1453 1168 1529 praegressos⁵
1193 1467 1246 1512 as·

139 1555 336 1614 secntnmm
357 1549 473 1629 videt3
494 1549 537 1613 ad
554 1567 644 1612 mare
661 1568 702 1612 ac
717 1545 844 1614 nares⁶
869 1547 979 1624 rediit,
1007 1547 1112 1610 tutius
1135 1546 1244 1612 facili-

139 1669 254 1734 usque
274 1651 327 1714 ita
347 1649 570 1717 descendenti
594 1651 637 1714 ab
659 1648 807 1733 Alpibus
826 1648 1011 1714 Hannibali
1032 1667 1248 1714 occursurus.

140 1751 198 1816 Ne
214 1757 332 1815 tamen
354 1751 445 1816 nuda
470 1751 609 1814 auxiliis
632 1749 799 1815 Romanis
824 1750 995 1834 Hispania
1019 1756 1122 1826 esset,
1145 1771 1245 1833 quam

139 1853 354 1934 provinciam
388 1851 527 1916 sortitus
560 1859 645 1929 erat,
681 1851 744 1915 Cn.
771 1851 967 1934 Scipionem
1006 1850 1139 1916 fratrem
1169 1870 1247 1916 cum

139 1953 296 2017 maxima
306 1958 403 2034 parte
417 1953 591 2036 copiarum
608 1953 772 2017 adversus
789 1951 1041 2026 Hasdrubalem
1056 1953 1166 2032 misit3
1182 1972 1248 2028 non

141 2053 186 2118 ed
201 2053 374 2119 tuendos⁷
399 2055 631 2119 tantummodo
657 2063 787 2118 veteres
814 2055 929 2118 socios
952 2054 1249 2138 conciliandosque

140 2175 269 2233 noros,
294 2156 357 2220 sed
381 2157 483 2220 etiam
510 2155 554 2220 ad
579 2155 768 2238 pellendam
789 2153 963 2239 Hispania
988 2155 1249 2222 Hasdrubalem.

142 2256 228 2341 lpse
243 2277 323 2321 cum
339 2257 517 2322 admodum
542 2258 675 2339 exiguis
695 2257 804 2340 copiis
827 2254 1006 2322 Genuam⁸
1034 2258 1178 2341 repetit,‘
1198 2277 1249 2336 eo,

142 2360 204 2442 qui
215 2345 311 2438 circa
322 2356 477 2424 Padum¹¹
494 2364 576 2435 erat,
589 2359 742 2422 exercitu
754 2357 891 2422 Italiam
903 2358 1109 2440 defensurus.
1154 2357 1250 2422 Han·

142 2461 236 2525 nibal
250 2462 297 2524 ab
309 2460 473 2524 Druentia
487 2461 667 2542 campestri
679 2459 826 2523 maxime
839 2461 956 2524 itinere
968 2460 1012 2524 ad
1024 2460 1157 2544 Alpee⁹
1172 2480 1250 2525 cum

144 2561 237 2627 bona
252 2580 340 2644 pace
353 2561 568 2625 incolentium
588 2579 629 2623 ea
649 2559 726 2622 loca
742 2559 918 2656 Gallorum
932 2563 1108 2641 pervenit!
1149 2562 1249 2641 Tum,

178 2753 192 2786 Ι
208 2743 328 2795 Perna
336 2745 368 2792 ud
377 2741 462 2806 spa,
470 2740 671 2792 numerabar
683 2741 773 2796 Gallis,
782 2743 824 2804 qai
834 2757 862 2792 ea
872 2743 921 2790 locu
932 2740 1104 2792 rammam

614 2883 798 2904 000000000οΝ

148 2987 233 3049 Iden,
245 2986 288 3035 rel
305 2987 339 3034 ud
353 2986 473 3043 mm,
485 2983 538 3046 leg.
573 2983 665 3034 alebat
680 2983 811 3033 una-s
828 2991 835 3012 ⁸
849 2982 948 3032 raam
964 2981 1038 3031 addit
1048 2979 1090 3032 ed.
1103 2983 1212 3034 Medici.
1224 2994 1252 3037 et

147 3052 247 3102 exinde
265 3064 355 3099 omnes
372 3049 495 3111 deinceps
513 3047 546 3096 ed
567 3083 573 3095 .
589 3050 795 3112 repugnantibus
812 3048 876 3096 Mer.
886 3045 1013 3096 omnibus.
1048 3047 1118 3109 Apte
1136 3049 1251 3111 pendere

147 3118 235 3165 omnia
251 3131 267 3163 a
285 3113 535 3176 vermellariam
554 3113 702 3163 Gronovius
720 3111 839 3162 monuit!
850 3111 1000 3160 diroti—4
1018 3109 1060 3160 Al.
1076 3114 1207 3173 garram
1223 3124 1251 3164 et

47 3172 52 3184 ¹
146 3181 259 3243 plebaea:
274 3181 452 3240 glarearum
462 3179 601 3240 elataque
611 3178 682 3240 conj·
693 3178 720 3229 J·
734 3177 762 3227 F.
774 3176 889 3226 Gronov.
901 3175 967 3224 baud
980 3176 1089 3237 improb.
1102 3179 1187 3226 Drak.
1248 3213 1253 3224 .

179 3250 195 3292 5
213 3244 258 3294 ΑΙ.
265 3247 463 3306 progressores
479 3243 550 3302 Mog-
558 3243 589 3289 ad
599 3257 664 3291 arare
675 3245 707 3290 ad
716 3256 789 3290 sacer
798 3244 870 3289 r.·-'l
887 3239 1007 3290 ibtaador
1018 3239 1134 3289 Gronov.
1147 3243 1252 3306 Donjat.

146 3310 318 3359 crusina-a
334 3306 422 3356 Antea
440 3306 647 3356 Parmam-o
662 3306 771 3363 ‘Verba
791 3307 823 3354 ad
842 3306 914 3368 Alpa
934 3304 959 3353 in
979 3305 1094 3354 omnibns
1112 3305 1172 3356 edd.
1190 3314 1252 3358 ante

146 3374 252 3424 Stroth.
263 3379 292 3421 et
309 3373 438 3436 plerisque
447 3370 514 3420 Mra.
526 3385 664 3434 perperam
681 3378 743 3435 port
754 3370 799 3420 illa
808 3385 862 3420 earn
872 3369 932 3418 com
940 3383 1009 3434 pure,
1020 3369 1065 3418 sed
1077 3371 1102 3419 in
1114 3373 1139 3420 2.
1149 3372 1253 3435 oprimis

648 3526 757 3578 NOTAE

180 3653 192 3677 ·
208 3643 401 3704 &malam
421 3641 527 3706 wlcan]
543 3641 607 3692 tun
623 3657 684 3692 rear
724 3639 921 3691 aeliumioibus.
947 3641 1167 3703 enitamur.
1194 3643 1253 3694 Non

147 3719 256 3780 globosa,
278 3717 493 3782 quemadmodum
519 3715 615 3768 Noster
636 3718 683 3767 lib.
723 3717 804 3781 igitur
816 3719 882 3766 male
893 3717 1000 3780 conjicit
1010 3717 1125 3768 Gronov.
1137 3720 1179 3767 hic
1191 3720 1254 3768 rcri-

150 3807 283 3845 xxxvrrr.
306 3794 401 3842 ‘saxa
416 3791 530 3856 globosis
537 3791 554 3838 ι’
571 3801 598 3842 et
622 3808 684 3843 raro
724 3793 848 3857 bendum,
863 3809 924 3844 saxa
937 3795 1085 3857 florensque.

150 3872 270 3934 quamvis
281 3870 428 3932 glareosum
439 3870 533 3930 solaro,
544 3876 572 3918 et
584 3870 684 3932 glareo-
757 3875 765 3906 ²
786 3873 894 3922 Genuam
913 3871 1011 3934 repetit]
1039 3871 1163 3932 Ligurum
1185 3871 1255 3933 prin-

149 3960 178 3996 ιι
187 3948 246 3994 loca
254 3945 386 4005 dicantur,
398 3959 448 3994 aon
458 3953 549 3993 tamen
557 3944 633 3996 facile
643 3955 684 3996 ert
724 3963 787 4012 ceps
798 3948 892 3998 civitas
903 3947 967 3996 mari
977 3945 1109 4008 Ligustico
1121 3947 1255 3998 imminens

150 4022 267 4086 reperire
296 4021 414 4084 glareosa
441 4035 522 4081 ram
546 4030 588 4070 est
615 4024 683 4072 enlm
724 4028 809 4076 adbuc
828 4039 921 4075 nornen
942 4024 1255 4092 minocentaurum

147 4099 233 4159 glarea
254 4097 318 4146 nibil
340 4095 409 4146 aliod
425 4111 503 4161 quam
525 4098 683 4151 minutorum
725 4103 829 4151 Gnaeo

148 4173 266 4238 lapidum
278 4181 358 4236 atque
371 4187 449 4222 arena
461 4173 600 4222 mixtorum
611 4175 683 4238 quari
758 4186 768 4211 ¹¹
795 4179 866 4226 Circo
888 4175 991 4240 Padusa]
1017 4177 1099 4227 ltalia
1120 4176 1254 4240 fluviorum

147 4248 387 4320 congerier‚qaalis
397 4250 549 4314 plerumque
558 4249 586 4300 in
596 4251 684 4302 littore
725 4268 771 4303 rex
784 4253 921 4310 Eridanus,
932 4253 982 4302 alio
995 4256 1099 4306 aomina
1111 4255 1198 4306 Pudor
1216 4257 1255 4308 di·
