2917 4767
209 312 295 381 loos

694 326 729 373 Τ.
753 325 850 374 lell

412 470 464 523 42.
485 463 602 543 ‘Atqui
626 463 741 541 legibus
759 458 895 543 prolecto
915 482 973 523 non
993 462 1074 553 iacta
1098 463 1204 544 magis,
1230 480 1341 544 qum

370 558 574 623 consiliumet
595 558 708 619 animus
731 559 873 639 patrantis
893 559 1068 639 puniuntur:
1090 580 1185 639 neque
1206 558 1346 621 enimsi

373 653 444 734 quid
461 653 584 713 furiosus
607 662 660 713 aut
678 652 776 713 infans
800 654 913 724 nocuit,
924 654 995 734 jure
1008 652 1147 715 adversus
1167 674 1238 716 enm
1261 672 1347 735 pm·
1452 710 1454 731 ,

372 747 603 809 ditaestactio:
625 748 716 807 enimi
737 768 807 809 vero
817 751 962 829 cujusque
983 748 1083 809 multis
1103 750 1134 808 in
1154 749 1257 809 causis
1272 767 1346 807 non
1452 784 1454 809 t

373 846 470 905 minus
482 852 563 903 certa
575 863 613 903 ex
626 844 735 914 verbis,
748 863 839 923 quam
852 863 891 902 ex
900 844 1039 923 operibus
1051 844 1162 905 iudicis
1174 852 1347 925 petuntur.

374 940 453 1006 Qum
465 940 507 999 sic
520 948 615 1020 optat,
629 939 703 1019 quid
715 937 876 1009 faceret,-si
898 938 996 999 facere
1009 940 1090 1019 quod
1109 949 1204 1019 optet,
1217 939 1249 997 in
1265 941 1349 1017 ejus
1453 924 1454 995 i

374 1034 571 1095 mcuucssetl
597 1034 691 1100 Quod
711 1036 737 1095 si
759 1033 884 1093 oliorum
907 1054 1025 1116 quoquc
1044 1035 1196 1094 bominum
1207 1034 1347 1112 judicia

375 1150 433 1189 non
446 1132 667 1201 contemnimus,
682 1132 860 1207 (curantem
876 1138 1098 1190 contemnamus
1104 1130 1132 1207 l)
1149 1131 1240 1189 etiam
1254 1128 1346 1189 alibi

376 1245 429 1305 pro
448 1224 557 1285 scelere
579 1224 712 1286 habitum
734 1223 975 1305 vindicetumque
999 1233 1044 1284 est
1066 1226 1188 1305 impium
1213 1232 1344 1285 votum.
1452 1272 1454 1289 ,

377 1320 598 1400 Athenisque
612 1319 739 1380 Graecire
754 1320 861 1380 civitas
872 1339 933 1400 prce
948 1320 1054 1379 ceteris
1064 1318 1343 1399 sapientiaelaudi-

376 1415 433 1473 bus
444 1415 525 1475 clara
537 1416 675 1487 habetur,
693 1415 849 1475 damnabis
860 1415 968 1494 estqui
984 1434 1122 1493 magnum
1135 1414 1249 1475 lucrum
1274 1434 1341 1495 op·
1453 1462 1454 1489 ,

377 1518 502 1581 tavent,
525 1530 593 1569 cunr
618 1511 784 1569 necessaria
815 1507 967 1569 funeribus
997 1507 1136 1569 curandis
1168 1506 1342 1569 venderet:

377 1604 458 1685 quod
478 1606 617 1685 consequi
631 1626 715 1685 posse
739 1625 797 1664 non
813 1603 984 1675 videbatur,
1008 1605 1064 1664 nisi
1085 1602 1170 1663 multi
1192 1602 1344 1663 mortales

378 1701 551 1761 interissent.
594 1700 637 1759 Et
648 1710 747 1761 tamen
760 1699 820 1759 illis
832 1701 862 1758 in
875 1701 972 1760 verbis
984 1699 1083 1761 locum
1095 1699 1204 1759 babere
1215 1706 1345 1779 poterat
1453 1724 1454 1767 1

380 1797 477 1856 mitior
490 1797 712 1877 interpretatio:
734 1796 799 1855 hee
816 1816 875 1855 non
893 1795 1042 1873 ambigue,
1065 1815 1160 1873 neque
1177 1794 1341 1875 perplexe,
1453 1816 1454 1879 j

380 1892 503 1952 exitium
515 1892 640 1963 civibus,
652 1888 768 1951 cladem
779 1890 933 1959 exercicii,
946 1888 1148 1950 calamitatem
1159 1888 1342 1969 reipublicae
1453 1880 1454 1957 ᾖ

380 1988 504 2067 optavit.
551 1989 673 2049 Utinam
678 1988 873 2067 fraternum
882 1986 1089 2047 reuiuisceret!
1109 1994 1212 2045 votum
1223 1984 1340 2076 impro-
1453 1962 1454 2023 Ῐ

380 2082 462 2155 bum,
475 2085 565 2143 etism
578 2082 604 2140 si
616 2082 713 2141 fratris
726 2100 819 2142 causo
831 2079 873 2139 sic
886 2079 1057 2159 optavisset

421 2184 471 2237 43.
494 2188 502 2211 ‘
516 2177 579 2236 Cur
592 2176 669 2235 enim
682 2176 726 2235 illi
741 2175 892 2235 reddenda
905 2176 967 2235 vita
980 2184 1066 2245 esset,
1086 2176 1172 2252 cujus
1182 2194 1275 2253 opera
1287 2182 1340 2233 tot
1453 2156 1454 2223 ἶ

382 2271 492 2331 civium
504 2270 635 2329 millibus
648 2280 751 2349 erepta
762 2270 827 2328 est?
856 2270 907 2348 qui
928 2269 1143 2350 rempublicam
1164 2289 1221 2329 nou
1236 2270 1340 2327 minus
1452 2266 1454 2319 ἶ

384 2384 435 2447 per
447 2368 614 2446 superbiam
627 2366 775 2445 despexit,
788 2384 877 2445 quam
889 2386 941 2445 per
955 2364 1148 2424 temeritetem
1167 2362 1341 2424 afflixerat?

385 2462 437 2540 qui
460 2459 821 2539 praedsmnatusomnium
838 2460 989 2521 bominum
1001 2459 1161 2529 sententiis,
1181 2478 1241 2519 non
1258 2456 1338 2517 inia-
1453 2490 1454 2521 Y

353 2624 359 2637 1
386 2555 475 2615 miam
493 2557 558 2634 ojus
571 2554 693 2635 judicii,
707 2554 760 2613 sed
781 2575 897 2635 poenem
910 2576 980 2614 casu
992 2553 1117 2632 effugit?
1139 2552 1233 2612 Hunc
1251 2554 1339 2625 tu,m’

386 2669 514 2730 saperes,
538 2660 654 2729 optares
675 2650 865 2711 reviviscere!
887 2652 973 2728 cujus
994 2650 1020 2707 si
1039 2649 1207 2708 memoriam
1229 2648 1339 2707 eodem
1452 2646 1454 2715 Ϊ

387 2746 502 2806 tumulo
513 2746 654 2825 potuisses
667 2746 800 2815 obruere,
814 2764 873 2823 quo
886 2744 997 2802 cineres
1015 2745 1079 2821 ejus
1098 2752 1244 2821 teguntur,
1263 2743 1339 2802 nihil
1453 2736 1454 2801 ξ

388 2841 539 2923 antiquius
551 2840 658 2899 hebere
671 2839 829 2899 debuisses.
852 2836 1111 2905 Quemadmodum
1123 2837 1200 2897 enim
1213 2838 1339 2897 iratrm
1453 2870 1454 2887 ι

388 2938 568 3015 egregiorum
581 2935 661 2995 fama
674 2934 742 2995 cliae
755 2944 895 2995 matronae
911 2954 970 2993 non
990 2934 1087 3013 inepte
1107 2933 1281 3011 gloriantur,
1296 2934 1341 2993 ita
1452 2954 1454 2965 ·

388 3032 444 3093 tibi
456 3033 504 3091 bic
515 3032 620 3111 pudori
631 3041 716 3101 esset,
729 3031 755 3090 si
767 3031 925 3109 quicquam
938 3028 1017 3108 apud
1030 3039 1061 3087 te
1074 3027 1194 3109 pudoris
1206 3048 1339 3088 remane·
1453 3050 1454 3053 ¹

390 3137 443 3187 ret.
487 3126 548 3186 Sed
575 3129 758 3205 ignoscamus
777 3124 904 3184 foeminae
926 3124 1029 3193 nobili,
1057 3124 1082 3181 si
1103 3122 1224 3182 fratrem
1247 3122 1340 3183 stulte

389 3222 529 3292 fortassis,
544 3222 596 3281 sed
609 3232 706 3281 tumen
721 3222 769 3300 pie
783 3219 981 3279 desideravit:
1003 3219 1093 3277 immo
1105 3218 1249 3278 absolvite
1258 3239 1339 3289 csm,

389 3318 413 3375 si
428 3327 489 3375 tam
512 3316 636 3375 insoleus
658 3317 847 3397 ineptumque
870 3324 982 3384 votum,
1003 3334 1093 3393 quem
1113 3334 1204 3372 causa
1215 3313 1341 3393 optandi

390 3409 595 3469 abominabilis
605 3410 668 3469 fuit.
712 3411 774 3470 Cur
786 3412 865 3469 enim
877 3410 994 3470 voluisti
1008 3408 1127 3469 fratrem
1144 3409 1341 3468 reviviscere‘.l

390 3514 423 3563 ut
437 3514 571 3583 aspectus
585 3506 741 3585 propinqui
762 3508 886 3565 hominis
900 3514 929 3564 te
943 3506 1109 3564 recrearet?
1129 3513 1162 3562 ut
1173 3525 1263 3583 opera
1275 3508 1342 3583 ejus

390 3600 522 3669 utilitati,
544 3603 702 3659 auctoritas
723 3596 869 3681 presidio,
891 3602 1014 3659 honores
1034 3609 1205 3659 ornamento
1224 3599 1342 3659 essent?

392 3694 479 3755 Nihil
493 3696 606 3755 borum.
649 3695 732 3761 Quid
746 3697 854 3773 igitur?
880 3699 919 3758 Ut
940 3700 1048 3756 iterum
1069 3696 1189 3756 classem
1209 3695 1340 3755 duceret.

391 3790 465 3851 Hoc
478 3792 554 3850 enim
568 3800 641 3861 erat,
655 3812 674 3849 o
694 3791 929 3850 scelestissimum
941 3801 1042 3871 caput,
1064 3813 1128 3863 cur,
1142 3800 1286 3870 quantum
1308 3791 1339 3849 in

391 3894 419 3946 te
433 3887 499 3959 luit,
513 3889 653 3946 suscitare
667 3896 805 3957 mortuos,
817 3897 949 3946 usturam
962 3888 992 3945 iu
1005 3886 1137 3946 ordinem
1154 3907 1271 3964 cogere,
1287 3885 1340 3944 In·

391 3983 517 4045 ferorum
528 3984 683 4065 refringere
693 3985 822 4046 claustra
831 3987 978 4066 cupivisti,
987 3998 1020 4045 ut
1032 3990 1183 4069 reperires,
1191 4007 1340 4067 perquem

392 4080 571 4161 periremus?

433 4180 481 4232 44.
505 4184 512 4210 ‘
527 4174 607 4235 Hice
621 4188 675 4249 est,
690 4179 832 4248 Quirites
847 4180 894 4257 cuj
900 4199 932 4237 us
945 4178 1073 4238 misereri
1086 4199 1138 4237 vos
1143 4178 1263 4253 jubent,
1278 4177 1341 4254 qui,
