2917 4767
722 328 757 380 Τ.
779 328 876 379 mvn

406 468 508 531 consul
529 468 686 541 animatum,
699 490 767 531 cunr
784 480 929 555 etsuuopte
942 472 1061 553 ingenio
1074 472 1214 555 impiger
1225 474 1310 535 etad
1327 496 1367 537 res

278 628 282 637 ,
405 563 547 645 gerendas
567 566 706 626 incitatus
717 576 804 639 esset,
818 566 961 650 Drepana
971 570 1117 650 operibns
1129 569 1226 630 factis
1238 570 1368 633 obsedit:

405 679 501 740 neque
520 680 557 721 eo
576 662 693 741 segnius
705 662 745 721 ad
757 664 892 743 proeliunr
905 664 1023 739 navale,
1035 665 1124 746 quod
1143 666 1261 727 instare
1272 669 1370 747 pneri-

404 754 507 828 debat,
519 756 685 818 classiarios
696 757 805 818 milites
816 760 950 839 qnotidie
962 762 1113 833 exercuit,
1126 782 1169 821 eo
1180 781 1329 834 siccem,
1339 772 1368 822 ut

404 870 479 929 quos
497 852 584 913 rudes
603 852 664 913 fere
683 854 895 915 maritimomnr
911 876 1032 917 casuum
1053 846 1285 929 adduxerdt,ii
1302 859 1368 919 sat's

397 947 465 1025 jam
486 948 525 1007 ad
545 948 699 1028 quodlibet
716 950 872 1011 discrimen
889 952 998 1012 eruditi
1009 954 1178 1033 paratique
1191 952 1364 1013 riderentur.

243 1042 327 1096 zonar.
404 1040 488 1102 Inter
508 1043 584 1116 haec,
597 1064 666 1104 cunr
685 1046 755 1104 urbs
776 1045 982 1126 Drepanitana
1000 1056 1079 1109 terra
1097 1049 1244 1128 marique
1256 1068 1364 1127 oppug-

403 1146 531 1211 naretur,
551 1141 676 1220 jamque
710 1141 784 1200 muri
809 1151 893 1221 parta
917 1143 1037 1221 dejecta
1060 1164 1111 1203 res
1144 1143 1313 1203 Poenorum
1337 1144 1363 1201 ir

241 1239 391 1291 orsmaro.
401 1252 515 1293 summo
535 1236 667 1315 periculo
678 1245 766 1308 emet,
779 1236 893 1309 consul,
905 1236 976 1298 dum
992 1239 1067 1298 inter
1085 1239 1239 1319 primores
1251 1248 1363 1298 strenm

402 1347 531 1407 pugnam
552 1331 623 1403 ciet,
646 1350 736 1409 grave
758 1332 864 1393 vulnus
886 1332 918 1391 in
938 1332 1049 1394 femore
1072 1334 1218 1414 accepit:
1245 1335 1362 1413 ejusque

401 1423 532 1503 periculo
552 1426 752 1505 perterrefacti
765 1428 884 1500 milites,
896 1437 928 1487 et
939 1429 979 1489 ad
990 1430 1127 1491 saucium
1140 1438 1360 1500 concurrentes,

400 1517 498 1578 locum
505 1520 572 1597 jam
586 1540 670 1601 pane
682 1533 803 1603 captum
815 1524 948 1584 omisere.

441 1619 490 1674 ob.
512 1614 657 1676 Nondum
678 1638 763 1678 usum
781 1618 865 1700 pedis
879 1627 1042 1701 receperat,
1053 1640 1126 1680 cum
1139 1620 1279 1681 maxima
1291 1617 1357 1679 Pc-

237 1684 373 1801 {ffim
400 1728 502 1771 norum
524 1711 625 1771 classis
647 1714 750 1775 adme
770 1716 929 1775 nuntiatum.
980 1715 1087 1775 Nares
1109 1725 1202 1776 erant
1222 1712 1356 1793 quadrin-

237 1810 388 1879 Polybnuo.
399 1814 505 1884 gentas,
518 1806 633 1867 refertae
650 1820 817 1871 commeatu
837 1828 925 1890 quem
944 1808 985 1870 ad
1002 1812 1171 1871 exercitum
1187 1810 1355 1891 portabunt,

398 1902 489 1981 copiis
510 1913 651 1983 praeterea
672 1905 801 1966 militum
821 1906 997 1987 permagnis,
1020 1925 1234 1985 armorumque
1256 1912 1287 1963 et
1306 1922 1353 1982 pe

396 1997 492 2057 cunin
512 2000 693 2078 amplissimo
711 2020 842 2062 numero.
884 2000 1014 2060 Summa
1034 2021 1131 2061 rerum
1151 2000 1353 2077 Hannopra·

396 2102 470 2164 erat,
496 2095 605 2155 nobilis
631 2096 761 2156 Poenus:
789 2096 839 2156 bic
864 2114 972 2173 magno
996 2096 1095 2155 studio
1118 2096 1152 2155 id
1178 2097 1301 2173 agebat,
1322 2099 1353 2149 ut

398 2187 526 2267 Erycem
538 2189 679 2270 appulsus
696 2209 784 2251 onere
798 2191 913 2251 levatas
928 2210 1019 2252 naves
1031 2192 1166 2271 acceptis
1178 2192 1221 2251 ab
1234 2185 1350 2249 Hamil·

396 2301 463 2341 care
485 2285 607 2345 strenuus
624 2285 694 2345 viris
714 2286 887 2365 compleret,
900 2295 990 2365 atque
1010 2286 1053 2348 sic
1073 2286 1186 2347 deinde
1203 2303 1273 2345 cum
1288 2282 1349 2343 Ro·

397 2396 484 2437 mana
508 2379 602 2440 classe
629 2380 808 2458 confligeret.
863 2381 1006 2442 Ceterum
1032 2391 1213 2462 conceptum
1244 2380 1347 2459 optime

395 2473 547 2533 consilium
571 2473 609 2536 C.
624 2474 738 2535 Lutatii
756 2475 885 2535 consulis
896 2477 1107 2557 circumspecta
1122 2474 1282 2558 prudentia
1293 2472 1346 2532 fre·

395 2568 449 2645 git.
492 2566 525 2628 Is
544 2571 622 2630 enim
641 2570 797 2631 victoriam
817 2573 849 2631 in
861 2591 898 2631 eo
910 2572 1068 2632 consistere
1080 2582 1233 2653 reputans,
1246 2570 1271 2629 si
1282 2587 1344 2628 cum

249 2662 488 2725 liv-¹¹¹10classe
509 2666 591 2743 gravi
608 2666 725 2745 suisque
746 2668 936 2746 apparatibus
956 2666 1099 2747 impedita
1109 2666 1342 2747 congrederetur,

232 2734 300 2842 ἔξω
394 2758 560 2820 antediem
579 2776 627 2821 vr.
649 2760 743 2821 Idus³
767 2762 904 2834 Martias,
925 2771 1053 2822 amumto
1073 2763 1104 2821 in
1125 2782 1220 2823 nares
1236 2760 1342 2840 opu'no

232 2855 309 2905 Diod·
393 2876 510 2935 quoque
531 2856 667 2931 militum,
688 2857 751 2919 ad⁴
769 2857 894 2936 AEgntes
912 2857 1032 2929 insulas,
1052 2866 1156 2919 contra
1180 2857 1341 2937 Lilybaeum

387 2951 535 3027 jacentes,
554 2974 730 3034 progressus,
753 2953 936 3015 Hannonem
957 2955 997 3013 ab
1018 2953 1209 3013 Hieronneso
1229 2950 1340 3012 venien·

392 3054 452 3107 tem
482 3050 656 3129 conspexit:
687 3058 749 3109 tum
776 3049 984 3128 gubernatores
1009 3049 1178 3128 militesque
1202 3049 1338 3113 uorans,

230 3151 283 3201 Lis.
392 3161 519 3221 pugnam
533 3144 562 3203 in
575 3143 654 3205 diem
667 3153 837 3225 sequentem
850 3143 970 3205 indixit.

183 3293 186 3303 .
229 3246 315 3312 Polyb.
433 3244 482 3299 66.
507 3239 648 3300 Ceterum
672 3248 739 3300 orta
763 3240 842 3313 luce,
866 3258 979 3299 rursum
1004 3238 1144 3318 ambigua
1166 3232 1336 3301 censuario

391 3331 465 3393 fuit:
490 3334 570 3412 quod
589 3344 693 3394 ventus
714 3334 792 3396 hosti
814 3334 927 3407 sarens,
952 3332 1100 3395 Romanis
1121 3335 1259 3398 adversus
1277 3348 1333 3389 mr·

391 3438 509 3487 rexerat
517 3448 534 3499 ι,
547 3448 637 3508 quare
645 3431 770 3507 jactatis
781 3432 927 3510 unimque
940 3432 1095 3493 momentis
1106 3432 1260 3498 rationum,
1270 3440 1332 3485 011111

391 3522 488 3582 ventis
499 3531 531 3583 et
544 3522 697 3585 Hannone
710 3525 775 3586 solo
787 3546 917 3606 pugnare
929 3525 1053 3587 classem
1066 3536 1201 3587 onustam
1213 3523 1330 3584 habente

390 3618 482 3679 satius
501 3620 606 3691 visum,
619 3640 708 3700 quam
728 3622 956 3702 permitterent
975 3622 1036 3695 ille,
1052 3623 1177 3683 naribus
1188 3637 1273 3683 onere
1292 3613 1330 3672 io·

389 3714 475 3786 velie,
484 3712 584 3777 florem
593 3714 866 3797 pedestrismilitioe,
876 3720 1029 3799 ipsumque
1037 3717 1114 3778 adeo
1122 3715 1327 3777 Hamilcarem,

388 3829 447 3889 quo
460 3811 533 3873 nibil
546 3832 582 3873 eo
595 3822 726 3895 ternpore
739 3814 955 3877 formidabilius
964 3815 1139 3885 habebatur,
1151 3814 1181 3872 in
1190 3819 1327 3874 certamen

387 3906 556 3969 adduceret.
592 3908 699 3989 Itaque
711 3910 877 3991 conspectis
888 3910 1015 3972 hostium
1027 3910 1163 3981 naribus,
1172 3927 1238 3989 quae
1246 3902 1325 3985 piew

384 4062 388 4071 Ι
422 4108 438 4153 t
455 4102 497 4153 ltu
509 4104 587 4155 Cres.
597 4121 629 4156 ex
642 4107 751 4171 Eutrop.
777 4104 847 4157 Edd.
858 4107 959 4171 priores
968 4112 1022 4157 nte
1033 4106 1096 4155 diest
1109 4104 1170 4156 Vll.
1182 4103 1245 4154 luas

422 4172 437 4216 4
455 4168 487 4219 lu
498 4168 558 4219 edd.
568 4178 629 4221 sut·
640 4173 716 4222 Cres.
726 4173 758 4223 sd
768 4171 853 4222 abest.
