2917 4767
712 345 749 392 Τ.
772 345 868 394 ulvrr

393 488 552 549 Lucaniam
572 489 757 550 transducere
783 492 916 551 instituit.
959 490 1035 551 Erat
1054 492 1108 551 iter
1128 509 1181 572 per
1201 500 1341 572 angustos

392 584 534 663 quosdam
546 584 647 654 calles,
662 606 735 664 quos
748 588 786 646 ab
806 586 899 646 altera
918 595 1002 666 parte
1020 597 1173 667 praeruptee
1194 590 1342 669 inviaque

394 699 489 759 rupes,
503 681 541 740 ab
554 680 647 739 altera
659 702 749 752 mare,
763 681 958 741 claudebant:
979 693 1010 741 et
1019 682 1170 743 intellecto
1176 683 1260 743 ducis
1273 684 1342 744 Ro-

394 776 473 834 mani
496 776 618 836 consilio
642 776 793 837 Tarentini
818 798 906 835 naves
930 778 1128 857 scorpionibus
1152 787 1184 837 et
1215 778 1345 839 ballistis

394 872 548 931 instructas
566 856 756 933 admoverant
780 872 881 943 littori,
907 872 1086 953 militemque
1112 894 1164 953 per
1189 884 1286 933 arctos
1310 884 1345 934 et

394 966 536 1026 obnoxios
548 968 678 1026 treantes
691 967 871 1027 incedentem
887 968 1042 1028 missilibus
1055 970 1244 1049 impetebant
1287 970 1343 1028 Ε-

268 1083 282 1115 n
311 1098 317 1114 .
394 1061 492 1121 milius
503 1063 581 1121 viam
593 1062 693 1122 virtuti
713 1071 850 1139 uegetam
863 1070 929 1121 astu
948 1063 1102 1143 explicuit,
1117 1065 1255 1144 captivis,
1267 1084 1346 1142 quos

395 1158 424 1215 in
445 1156 579 1217 ultimum
599 1176 702 1234 agmen
724 1159 875 1234 rejecerat,
894 1158 989 1217 latera
1012 1166 1177 1238 praetexens
1195 1158 1344 1228 ordinum,

394 1272 462 1333 qere
483 1252 611 1332 periculo
632 1253 784 1331 patebant.
827 1251 945 1311 Horum
965 1252 1163 1312 misericordia
1176 1251 1344 1323 Tarentini,

396 1347 540 1407 durneuos
553 1348 636 1405 ferire
649 1354 791 1416 metuunt,
800 1347 889 1405 etiam
896 1347 1027 1406 hostibus
1034 1356 1232 1427 pepercerunt.
1262 1347 1348 1408 Hm

397 1442 487 1503 ferme
508 1462 544 1502 eo
565 1460 642 1501 anno
662 1442 701 1500 ad
721 1441 881 1501 Tarentum
893 1450 984 1519 gesta
1026 1442 1134 1502 Roma
1146 1460 1216 1501 vero
1229 1442 1267 1501 Ο.
1284 1442 1346 1501 Fa-

399 1538 506 1597 bricius
520 1538 670 1606 Luscinus,
684 1537 737 1615 qui
756 1536 786 1594 in
801 1536 953 1597 consrlatu
967 1557 1021 1599 suc
1036 1539 1183 1597 Samnites
1198 1537 1347 1597 Bmttios-

237 1630 389 1697 anuespir.
400 1652 458 1713 que
477 1641 508 1691 et
521 1632 655 1692 Lucanos
675 1631 814 1710 praeclare
833 1634 955 1702 vicerat,
970 1633 1151 1712 triumphans
1164 1631 1348 1712 Capitolium

400 1729 542 1805 ingressus
556 1736 615 1790 ,cst
658 1726 851 1805 Eandemque
871 1728 1010 1786 bonorem
1026 1728 1146 1786 nonita
1167 1727 1267 1787 multis
1279 1735 1350 1806 poet

399 1822 503 1883 diebus
515 1823 557 1889 Q.
573 1822 705 1881 Marcius
724 1820 824 1880 consul
845 1822 982 1892 obtinuit,
996 1842 1034 1882 ex
1051 1822 1181 1892 Etruria,
1196 1823 1283 1881 rebus
1304 1823 1351 1880 ibi

399 1938 533 1999 prospere
547 1919 644 1996 gestis,
657 1936 796 1976 reversus.
839 1917 918 1982 Qua
929 1937 996 1976 erun
1008 1936 1109 1986 causa,
1122 1917 1202 1976 bello
1221 1916 1349 1976 Etrusco

400 2014 529 2073 nondum
548 2014 642 2083 finito,
657 2032 696 2071 ex
707 2013 869 2092 ,provincia
887 2014 1078 2082 revocaverit,
1092 2020 1220 2092 tempore
1236 2011 1346 2082 alieno,

401 2108 484 2183 (nam
505 2108 658 2167 Fabricius
678 2107 721 2166 A.
741 2107 782 2165 D.
801 2122 856 2165 ιιι.
879 2105 987 2165 Nonas
1002 2106 1129 2165 Martias
1141 2107 1348 2186 triumpharit)

401 2220 458 2260 uon
471 2202 612 2261 traditur:
635 2222 690 2278 ego
703 2202 828 2260 accitum
842 2220 861 2259 a
872 2209 976 2260 senatu
985 2202 1124 2279 conjicio,
1145 2202 1197 2280 qui
1209 2209 1272 2260 turn
1292 2222 1348 2261 ex-

402 2298 568 2375 pectatione
581 2295 692 2377 Pyrrhi
712 2295 843 2354 solicitus
862 2295 998 2374 presidia
1010 2296 1139 2373 undiquc
1145 2296 1348 2375 conquirebat.

239 2392 358 2442 Ore-¹⁹·
370 2392 394 2439 1.
444 2398 494 2451 22.
516 2390 600 2451 Nam
620 2400 651 2450 et
670 2410 706 2450 eo
727 2391 850 2469 primum
870 2398 1011 2470 ternpore,
1030 2409 1109 2461 cum,
1122 2398 1206 2450 tanta
1219 2389 1352 2470 undique

266 2484 379 2563 ¹Arruflss
404 2488 478 2547 belli
497 2488 574 2546 mole
594 2495 704 2557 coorta,
717 2486 870 2565 imperium
888 2484 1018 2565 pluribus
1036 2486 1214 2545 exercitibus
1227 2486 1351 2545 defendi

243 2550 367 2665 ffif‘ssu’
405 2590 560 2661 oporteret,
586 2580 744 2660 proletarii,
770 2581 877 2659 quibus
902 2582 1063 2659 antiquitus
1094 2581 1211 2642 vacatio
1235 2580 1351 2641 militie

405 2676 511 2746 fuerat,
524 2683 704 2736 sacramento
716 2676 812 2752 rogari
825 2694 956 2754 crepere:
978 2694 1070 2747 arma,
1084 2696 1151 2755 qure
1172 2694 1276 2756 parare
1297 2697 1351 2755 per

406 2772 535 2850 inopiam
556 2790 612 2831 non
625 2778 770 2850 poterant,
791 2770 908 2849 publice
927 2769 1017 2840 data;
1040 2778 1084 2842 ut,
1097 2770 1261 2848 legionibus
1275 2770 1351 2830 alibi

243 2859 347 2971 ffiffif
355 2870 394 2925 Ψ·
406 2867 567 2946 occupatis,
580 2867 643 2925 baso
655 2884 758 2925 manus
771 2884 823 2944 per
835 2864 938 2941 globos
950 2866 981 2923 in
993 2866 1082 2924 muris
1095 2864 1216 2943 loroque
1226 2864 1352 2945 disposi-

245 2955 301 3036 ,Qh
312 2954 352 3037 lu:
407 2968 450 3033 ta,
463 2962 635 3022 stationibus
647 2970 678 3020 et
690 2960 825 3020 excubiis
836 2960 938 3019 urbem
950 2968 1087 3019 tereretur.
1130 2958 1240 3040 Neque
1251 2970 1351 3019 tamen

406 3057 452 3116 his
463 3055 592 3117 consiliis
607 3056 699 3115 everti
714 3054 854 3134 potuisset
866 3054 1015 3112 imminens
1033 3052 1145 3124 clades,
1158 3054 1213 3112 uisi
1233 3052 1353 3113 tortum

406 3153 485 3212 urbis
496 3154 678 3231 imperaturae
686 3148 933 3228 periculosissimis
944 3148 1121 3226 temporibus
1132 3150 1264 3227 ingentes
1274 3150 1353 3208 viros

406 3254 589 3321 reserrasset,
603 3264 639 3303 ac
651 3242 749 3302 nescio
760 3261 798 3301 an
811 3242 954 3301 maximos
965 3243 1104 3312 omnium,
1117 3245 1310 3322 quiunquam
1323 3246 1353 3303 in

335 3368 337 3372 ·
407 3343 466 3402 ista
484 3341 603 3402 civitate
622 3338 739 3408 fuerint,
752 3356 810 3396 uon
830 3338 874 3395 ita
892 3334 1002 3396 divitiis
1014 3346 1046 3396 et
1063 3337 1216 3418 splendore
1228 3340 1353 3415 generis,

407 3456 498 3517 quam
518 3442 665 3495 contemtu
685 3452 784 3512 opum,
805 3440 836 3493 et
855 3450 874 3489 a
893 3432 1000 3490 virtute
1014 3432 1136 3492 nobiles.
1178 3431 1259 3493 Hac
1274 3435 1353 3493 enim

408 3538 481 3591 eree
494 3529 608 3599 Curios,
623 3527 784 3598 Fabricios,
799 3526 998 3586 Coruncanios
1010 3527 1096 3586 tulit:
1116 3526 1262 3587 nullarum
1278 3529 1352 3587 ima-

407 3626 507 3703 ginum
520 3632 572 3685 sut
582 3622 757 3683 facultatum
768 3622 856 3692 viros,
871 3619 924 3678 sed
939 3621 1125 3700 amplissime
1139 3621 1249 3699 gloria,
1263 3641 1354 3701 quam

407 3720 558 3780 rectissimi
569 3718 698 3799 exempli
711 3718 852 3787 homines,
861 3734 973 3775 summo
988 3716 1030 3775 rei
1048 3715 1182 3775 mrilitais
1196 3736 1261 3786 usu,
1275 3718 1353 3797 pori-

408 3834 466 3894 que
487 3834 599 3875 morum
616 3814 793 3883 innocentia,
813 3819 1005 3891 pepererunt:
1040 3810 1193 3890 uuobique
1210 3811 1359 3871 salutares.

410 3911 521 3989 patriae,
548 3928 614 3989 quae
636 3909 775 3969 adversus
794 3924 892 3982 regem
917 3905 1060 3964 ambobus
1083 3904 1270 3967 metuendum
1295 3924 1353 3965 non

409 4005 502 4080 magis
526 4024 600 4085 opus
620 4002 751 4063 babebat
767 4001 847 4070 viris,
867 3998 919 4076 qui
945 3997 1052 4060 terrum
1070 4000 1176 4062 hostile
1199 4000 1353 4060 retundere

408 4110 537 4182 possent,
550 4122 639 4184 quam
650 4101 701 4182 qui
714 4118 816 4161 aurum
827 4102 1020 4158 contemnere.
