<?xml version="1.0" encoding="UTF-8"?>
<!DOCTYPE html PUBLIC "-//W3C//DTD XHTML 1.0 Transitional//EN"
    "http://www.w3.org/TR/xhtml1/DTD/xhtml1-transitional.dtd">
<html xmlns="http://www.w3.org/1999/xhtml" xml:lang="en" lang="en">
 <head>
  <title>
</title>
<meta http-equiv="Content-Type" content="text/html;charset=utf-8" />
  <meta name='ocr-system' content='tesseract 3.04.00' />
  <meta name='ocr-capabilities' content='ocr_page ocr_carea ocr_par ocr_line ocrx_word'/>
</head>
<body>
  <div class='ocr_page' id='page_1' title='image "./tliviipatavinih00unkngoog/tliviipatavinih00unkngoog_0064.png"; bbox 0 0 2917 4767; ppageno 0'>
   <div class='ocr_carea' id='block_1_1' title="bbox 243 321 891 387">
    <p class='ocr_par' dir='ltr' id='par_1_1' title="bbox 243 321 891 387">
     <span class='ocr_line' id='line_1_1' title="bbox 243 321 891 387; baseline -0.003 -2"><span class='ocrx_word' id='word_1_1' title='bbox 243 321 330 387; x_wconf 73' lang='lat'>1442</span> <span class='ocrx_word' id='word_1_2' title='bbox 737 336 770 383; x_wconf 85' lang='lat' dir='ltr'>r.</span> <span class='ocrx_word' id='word_1_3' title='bbox 797 336 891 384; x_wconf 81' lang='grc' dir='ltr'>ιινιι</span> 
     </span>
    </p>
   </div>
   <div class='ocr_carea' id='block_1_2' title="bbox 1425 392 1449 427">
    <p class='ocr_par' dir='ltr' id='par_1_2' title="bbox 1425 392 1449 427">
     <span class='ocr_line' id='line_1_2' title="bbox 1425 392 1449 427; baseline 0 0"><span class='ocrx_word' id='word_1_4' title='bbox 1425 392 1449 427; x_wconf 59' lang='grc' dir='ltr'><strong>Χ</strong></span> 
     </span>
    </p>
   </div>
   <div class='ocr_carea' id='block_1_3' title="bbox 243 478 1365 4087">
    <p class='ocr_par' dir='ltr' id='par_1_3' title="bbox 244 478 1359 942">
     <span class='ocr_line' id='line_1_3' title="bbox 244 478 1353 560; baseline 0.002 -21"><span class='ocrx_word' id='word_1_5' title='bbox 244 501 309 550; x_wconf 84' lang='lat' dir='ltr'>Plut.</span> <span class='ocrx_word' id='word_1_6' title='bbox 407 479 528 541; x_wconf 67' lang='lat' dir='ltr'>omos</span> <span class='ocrx_word' id='word_1_7' title='bbox 539 480 628 559; x_wconf 81' lang='lat' dir='ltr'>plens</span> <span class='ocrx_word' id='word_1_8' title='bbox 640 489 740 540; x_wconf 84' lang='lat' dir='ltr'>erent:</span> <span class='ocrx_word' id='word_1_9' title='bbox 764 478 961 559; x_wconf 86' lang='lat' dir='ltr'>lugissentque</span> <span class='ocrx_word' id='word_1_10' title='bbox 974 479 1054 541; x_wconf 79' lang='lat' dir='ltr'>hund</span> <span class='ocrx_word' id='word_1_11' title='bbox 1066 479 1167 551; x_wconf 90' lang='lat' dir='ltr'>dubie,</span> <span class='ocrx_word' id='word_1_12' title='bbox 1181 482 1238 539; x_wconf 86' lang='lat' dir='ltr'>nisi</span> <span class='ocrx_word' id='word_1_13' title='bbox 1249 500 1353 560; x_wconf 76' lang='lat' dir='ltr'>qnem-</span> 
     </span>
     <span class='ocr_line' id='line_1_4' title="bbox 406 575 1355 657; baseline 0.002 -22"><span class='ocrx_word' id='word_1_14' title='bbox 406 577 529 656; x_wconf 89' lang='lat' dir='ltr'>primum</span> <span class='ocrx_word' id='word_1_15' title='bbox 543 575 621 635; x_wconf 92' lang='lat' dir='ltr'>nudo</span> <span class='ocrx_word' id='word_1_16' title='bbox 643 576 739 655; x_wconf 80' lang='lat' dir='ltr'>cupite</span> <span class='ocrx_word' id='word_1_17' title='bbox 759 576 934 654; x_wconf 67' lang='lat' dir='ltr'>obequitans</span> <span class='ocrx_word' id='word_1_18' title='bbox 955 577 1100 657; x_wconf 75' lang='lat' dir='ltr'>Pyrrhus,</span> <span class='ocrx_word' id='word_1_19' title='bbox 1124 587 1237 657; x_wconf 89' lang='lat' dir='ltr'>‘seque</span> <span class='ocrx_word' id='word_1_20' title='bbox 1255 578 1355 638; x_wconf 83' lang='lat' dir='ltr'>virere</span> 
     </span>
     <span class='ocr_line' id='line_1_5' title="bbox 405 671 1356 749; baseline 0.001 -18"><span class='ocrx_word' id='word_1_21' title='bbox 405 680 436 731; x_wconf 91' lang='lat' dir='ltr'>et</span> <span class='ocrx_word' id='word_1_22' title='bbox 448 671 549 731; x_wconf 81' lang='lat' dir='ltr'>edesse</span> <span class='ocrx_word' id='word_1_23' title='bbox 560 676 568 703; x_wconf 95' lang='lat'>&#39;</span> <span class='ocrx_word' id='word_1_24' title='bbox 581 690 653 730; x_wconf 88' lang='lat' dir='ltr'>voce</span> <span class='ocrx_word' id='word_1_25' title='bbox 667 690 774 749; x_wconf 76' lang='lat' dir='ltr'>magns</span> <span class='ocrx_word' id='word_1_26' title='bbox 786 679 919 744; x_wconf 67' lang='lat' dir='ltr'>testatus,</span> <span class='ocrx_word' id='word_1_27' title='bbox 927 672 1100 732; x_wconf 76' lang='lat' dir='ltr'><strong>tantundem</strong></span> <span class='ocrx_word' id='word_1_28' title='bbox 1108 671 1226 732; x_wconf 80' lang='lat' dir='ltr'>fiduciae</span> <span class='ocrx_word' id='word_1_29' title='bbox 1239 672 1356 732; x_wconf 78' lang='lat' dir='ltr'>Rome·</span> 
     </span>
     <span class='ocr_line' id='line_1_6' title="bbox 405 765 1356 848; baseline 0.003 -24"><span class='ocrx_word' id='word_1_30' title='bbox 405 767 460 835; x_wconf 90' lang='lat' dir='ltr'>nis,</span> <span class='ocrx_word' id='word_1_31' title='bbox 474 776 616 846; x_wconf 70' lang='lat' dir='ltr'>quantum</span> <span class='ocrx_word' id='word_1_32' title='bbox 628 787 682 825; x_wconf 90' lang='lat' dir='ltr'>suo</span> <span class='ocrx_word' id='word_1_33' title='bbox 700 766 786 825; x_wconf 89' lang='lat' dir='ltr'>militi</span> <span class='ocrx_word' id='word_1_34' title='bbox 807 765 969 827; x_wconf 82' lang='lat' dir='ltr'>formidinis</span> <span class='ocrx_word' id='word_1_35' title='bbox 985 768 1250 848; x_wconf 80' lang='lat' dir='ltr'>desperationisque</span> <span class='ocrx_word' id='word_1_36' title='bbox 1272 768 1356 827; x_wconf 89' lang='lat' dir='ltr'>dem·</span> 
     </span>
     <span class='ocr_line' id='line_1_7' title="bbox 405 861 1359 942; baseline 0.004 -23"><span class='ocrx_word' id='word_1_37' title='bbox 405 862 498 921; x_wconf 81' lang='lat' dir='ltr'>sisset.</span> <span class='ocrx_word' id='word_1_38' title='bbox 541 862 677 923; x_wconf 79' lang='lat' dir='ltr'>Laevious</span> <span class='ocrx_word' id='word_1_39' title='bbox 689 861 790 921; x_wconf 73' lang='lat' dir='ltr'>edesoe</span> <span class='ocrx_word' id='word_1_40' title='bbox 802 871 918 942; x_wconf 83' lang='lat' dir='ltr'>tempus</span> <span class='ocrx_word' id='word_1_41' title='bbox 939 872 1019 922; x_wconf 85' lang='lat' dir='ltr'>ratus</span> <span class='ocrx_word' id='word_1_42' title='bbox 1033 883 1092 941; x_wconf 92' lang='lat' dir='ltr'>quo</span> <span class='ocrx_word' id='word_1_43' title='bbox 1109 863 1213 923; x_wconf 83' lang='lat' dir='ltr'>ultime</span> <span class='ocrx_word' id='word_1_44' title='bbox 1225 863 1359 923; x_wconf 79' lang='lat' dir='ltr'>remedio</span> 
     </span>
    </p>

    <p class='ocr_par' dir='ltr' id='par_1_4' title="bbox 243 956 1358 1132">
     <span class='ocr_line' id='line_1_8' title="bbox 243 956 1358 1036; baseline 0.009 -28"><span class='ocrx_word' id='word_1_45' title='bbox 243 962 326 1013; x_wconf 71' lang='lat' dir='ltr'>Zeno.</span> <span class='ocrx_word' id='word_1_46' title='bbox 349 998 353 1009; x_wconf 93' lang='lat'><em>.</em></span> <span class='ocrx_word' id='word_1_47' title='bbox 408 956 596 1036; x_wconf 83' lang='lat' dir='ltr'>experiretur,</span> <span class='ocrx_word' id='word_1_48' title='bbox 611 958 724 1035; x_wconf 88' lang='lat' dir='ltr'>signum</span> <span class='ocrx_word' id='word_1_49' title='bbox 736 957 883 1035; x_wconf 88' lang='lat' dir='ltr'>equitibus</span> <span class='ocrx_word' id='word_1_50' title='bbox 894 957 1021 1028; x_wconf 78' lang='lat' dir='ltr'>sustulit,</span> <span class='ocrx_word' id='word_1_51' title='bbox 1038 978 1113 1036; x_wconf 88' lang='lat' dir='ltr'>quos</span> <span class='ocrx_word' id='word_1_52' title='bbox 1125 960 1155 1017; x_wconf 93' lang='lat' dir='ltr'>in</span> <span class='ocrx_word' id='word_1_53' title='bbox 1169 958 1283 1017; x_wconf 84' lang='lat' dir='ltr'>insidiis</span> <span class='ocrx_word' id='word_1_54' title='bbox 1294 959 1358 1018; x_wconf 92' lang='lat' dir='ltr'>ool-</span> 
     </span>
     <span class='ocr_line' id='line_1_9' title="bbox 408 1048 1358 1132; baseline 0.005 -25"><span class='ocrx_word' id='word_1_55' title='bbox 408 1048 567 1122; x_wconf 81' lang='lat' dir='ltr'>locsrerat‚</span> <span class='ocrx_word' id='word_1_56' title='bbox 580 1061 614 1111; x_wconf 90' lang='lat' dir='ltr'>ut</span> <span class='ocrx_word' id='word_1_57' title='bbox 627 1060 709 1131; x_wconf 84' lang='lat' dir='ltr'>terge</span> <span class='ocrx_word' id='word_1_58' title='bbox 729 1051 880 1113; x_wconf 89' lang='lat' dir='ltr'>hostium&#39;</span> <span class='ocrx_word' id='word_1_59' title='bbox 872 1062 1060 1113; x_wconf 80' lang='lat' dir='ltr'>incurrerent.</span> <span class='ocrx_word' id='word_1_60' title='bbox 1102 1053 1149 1111; x_wconf 85' lang='grc' dir='ltr'>Αι</span> <span class='ocrx_word' id='word_1_61' title='bbox 1170 1053 1336 1132; x_wconf 85' lang='lat' dir='ltr'>Pyrrhus&#39;</span> <span class='ocrx_word' id='word_1_62' title='bbox 1327 1075 1358 1112; x_wconf 87' lang='grc' dir='ltr'>ιιι</span> 
     </span>
    </p>

    <p class='ocr_par' dir='ltr' id='par_1_5' title="bbox 264 1146 1359 1229">
     <span class='ocr_line' id='line_1_10' title="bbox 264 1146 1359 1229; baseline 0.003 -23"><span class='ocrx_word' id='word_1_63' title='bbox 264 1150 310 1197; x_wconf 78' lang='lat' dir='ltr'>Fro</span> <span class='ocrx_word' id='word_1_64' title='bbox 311 1154 346 1198; x_wconf 71' lang='lat' dir='ltr'>nt</span> <span class='ocrx_word' id='word_1_65' title='bbox 407 1146 463 1207; x_wconf 91' lang='lat' dir='ltr'>hoc</span> <span class='ocrx_word' id='word_1_66' title='bbox 477 1167 581 1225; x_wconf 86' lang='lat' dir='ltr'>ugmen</span> <span class='ocrx_word' id='word_1_67' title='bbox 593 1148 766 1228; x_wconf 79' lang='lat' dir='ltr'>elephantos</span> <span class='ocrx_word' id='word_1_68' title='bbox 778 1147 826 1225; x_wconf 85' lang='lat' dir='ltr'>egi</span> <span class='ocrx_word' id='word_1_69' title='bbox 841 1149 965 1226; x_wconf 87' lang='lat' dir='ltr'>jubet,</span> <span class='ocrx_word' id='word_1_70' title='bbox 958 1167 1035 1229; x_wconf 82' lang='lat' dir='ltr'>ipsos</span> <span class='ocrx_word' id='word_1_71' title='bbox 1048 1168 1166 1227; x_wconf 90' lang='lat' dir='ltr'>quoque</span> <span class='ocrx_word' id='word_1_72' title='bbox 1178 1150 1208 1207; x_wconf 90' lang='lat' dir='ltr'>in</span> <span class='ocrx_word' id='word_1_73' title='bbox 1222 1147 1359 1211; x_wconf 88' lang='lat' dir='ltr'>ultimum</span> 
     </span>
    </p>

    <p class='ocr_par' dir='ltr' id='par_1_6' title="bbox 246 1212 866 1307">
     <span class='ocr_line' id='line_1_11' title="bbox 246 1212 866 1307; baseline 0.002 -3"><span class='ocrx_word' id='word_1_74' title='bbox 246 1212 350 1261; x_wconf 58' lang='lat' dir='ltr'>&amp;M</span> <span class='ocrx_word' id='word_1_75' title='bbox 354 1218 394 1265; x_wconf 67' lang='lat'>“⁴</span> <span class='ocrx_word' id='word_1_76' title='bbox 409 1254 544 1305; x_wconf 87' lang='lat' dir='ltr'>terrorem</span> <span class='ocrx_word' id='word_1_77' title='bbox 557 1248 683 1307; x_wconf 91' lang='lat' dir='ltr'>hostium</span> <span class='ocrx_word' id='word_1_78' title='bbox 697 1255 866 1306; x_wconf 84' lang='lat' dir='ltr'>reservatos.</span> 
     </span>
    </p>

    <p class='ocr_par' dir='ltr' id='par_1_7' title="bbox 409 1342 1362 1614">
     <span class='ocr_line' id='line_1_12' title="bbox 449 1342 1359 1423; baseline -0.001 -18"><span class='ocrx_word' id='word_1_79' title='bbox 449 1350 478 1405; x_wconf 79' lang='lat'>7.</span> <span class='ocrx_word' id='word_1_80' title='bbox 500 1343 539 1403; x_wconf 94' lang='lat' dir='ltr'>Id</span> <span class='ocrx_word' id='word_1_81' title='bbox 552 1344 704 1405; x_wconf 89' lang='lat' dir='ltr'>consilium</span> <span class='ocrx_word' id='word_1_82' title='bbox 718 1342 902 1423; x_wconf 76' lang='lat' dir='ltr'>afflixitspes</span> <span class='ocrx_word' id='word_1_83' title='bbox 925 1343 1088 1414; x_wconf 82' lang='lat' dir='ltr'>Romanus,</span> <span class='ocrx_word' id='word_1_84' title='bbox 1102 1351 1299 1422; x_wconf 71' lang='lat' dir='ltr'>eventuumque</span> <span class='ocrx_word' id='word_1_85' title='bbox 1312 1354 1359 1404; x_wconf 89' lang='lat' dir='ltr'>to·</span> 
     </span>
     <span class='ocr_line' id='line_1_13' title="bbox 409 1439 1362 1519; baseline 0.002 -22"><span class='ocrx_word' id='word_1_86' title='bbox 409 1440 467 1498; x_wconf 89' lang='lat' dir='ltr'>tius</span> <span class='ocrx_word' id='word_1_87' title='bbox 483 1459 588 1519; x_wconf 84' lang='lat' dir='ltr'>pugnre</span> <span class='ocrx_word' id='word_1_88' title='bbox 608 1439 768 1500; x_wconf 90' lang='lat' dir='ltr'>secundum</span> <span class='ocrx_word' id='word_1_89' title='bbox 790 1439 940 1518; x_wconf 84' lang='lat' dir='ltr'>Pyrrhum</span> <span class='ocrx_word' id='word_1_90' title='bbox 959 1439 1061 1498; x_wconf 86' lang='lat' dir='ltr'>dedit:</span> <span class='ocrx_word' id='word_1_91' title='bbox 1087 1458 1156 1499; x_wconf 81' lang='lat' dir='ltr'>nem</span> <span class='ocrx_word' id='word_1_92' title='bbox 1175 1448 1207 1497; x_wconf 89' lang='lat' dir='ltr'>et</span> <span class='ocrx_word' id='word_1_93' title='bbox 1225 1439 1362 1499; x_wconf 89' lang='lat' dir='ltr'>homines</span> 
     </span>
     <span class='ocr_line' id='line_1_14' title="bbox 410 1533 1360 1614; baseline 0.002 -22"><span class='ocrx_word' id='word_1_94' title='bbox 410 1534 465 1613; x_wconf 85' lang='lat' dir='ltr'>ipsi</span> <span class='ocrx_word' id='word_1_95' title='bbox 481 1543 628 1593; x_wconf 82' lang='lat' dir='ltr'>vestorum</span> <span class='ocrx_word' id='word_1_96' title='bbox 644 1554 798 1614; x_wconf 87' lang='lat' dir='ltr'>corporum</span> <span class='ocrx_word' id='word_1_97' title='bbox 818 1534 908 1605; x_wconf 91' lang='lat' dir='ltr'>mole,</span> <span class='ocrx_word' id='word_1_98' title='bbox 929 1533 1110 1613; x_wconf 85' lang='lat' dir='ltr'>terribilique</span> <span class='ocrx_word' id='word_1_99' title='bbox 1131 1534 1360 1613; x_wconf 75' lang='lat' dir='ltr'>superstantium</span> 
     </span>
    </p>

    <p class='ocr_par' dir='ltr' id='par_1_8' title="bbox 263 1628 1361 1803">
     <span class='ocr_line' id='line_1_15' title="bbox 263 1628 1360 1709; baseline 0.002 -22"><span class='ocrx_word' id='word_1_100' title='bbox 263 1638 364 1689; x_wconf 77' lang='grc' dir='ltr'>Ριιιιιι.</span> <span class='ocrx_word' id='word_1_101' title='bbox 380 1642 399 1693; x_wconf 84' lang='grc' dir='ltr'>ι.</span> <span class='ocrx_word' id='word_1_102' title='bbox 411 1638 585 1688; x_wconf 84' lang='lat' dir='ltr'>ormetorum</span> <span class='ocrx_word' id='word_1_103' title='bbox 598 1629 694 1709; x_wconf 89' lang='lat' dir='ltr'>specie</span> <span class='ocrx_word' id='word_1_104' title='bbox 710 1636 869 1708; x_wconf 85' lang='lat' dir='ltr'>stupentes,</span> <span class='ocrx_word' id='word_1_105' title='bbox 884 1628 1009 1707; x_wconf 84' lang='lat' dir='ltr'>quodvis</span> <span class='ocrx_word' id='word_1_106' title='bbox 1026 1630 1124 1708; x_wconf 86' lang='lat' dir='ltr'>potius</span> <span class='ocrx_word' id='word_1_107' title='bbox 1144 1629 1245 1706; x_wconf 87' lang='lat' dir='ltr'>ingens</span> <span class='ocrx_word' id='word_1_108' title='bbox 1256 1638 1288 1688; x_wconf 92' lang='lat' dir='ltr'>et</span> <span class='ocrx_word' id='word_1_109' title='bbox 1299 1629 1360 1689; x_wconf 83' lang='lat' dir='ltr'>lor-</span> 
     </span>
     <span class='ocr_line' id='line_1_16' title="bbox 411 1722 1361 1803; baseline 0 -20"><span class='ocrx_word' id='word_1_110' title='bbox 411 1722 549 1783; x_wconf 83' lang='lat' dir='ltr'>midebile</span> <span class='ocrx_word' id='word_1_111' title='bbox 563 1732 740 1803; x_wconf 86' lang='lat' dir='ltr'>portentum,</span> <span class='ocrx_word' id='word_1_112' title='bbox 756 1744 846 1802; x_wconf 87' lang='lat' dir='ltr'>quem</span> <span class='ocrx_word' id='word_1_113' title='bbox 866 1724 1037 1783; x_wconf 88' lang='lat' dir='ltr'>animnlium</span> <span class='ocrx_word' id='word_1_114' title='bbox 1049 1742 1068 1781; x_wconf 83' lang='lat' dir='ltr'>e</span> <span class='ocrx_word' id='word_1_115' title='bbox 1080 1732 1185 1782; x_wconf 83' lang='lat' dir='ltr'>neturn</span> <span class='ocrx_word' id='word_1_116' title='bbox 1201 1722 1361 1802; x_wconf 86' lang='lat' dir='ltr'>producto-</span> 
     </span>
    </p>

    <p class='ocr_par' dir='ltr' id='par_1_9' title="bbox 251 1816 1361 1897">
     <span class='ocr_line' id='line_1_17' title="bbox 251 1816 1361 1897; baseline -0.001 -18"><span class='ocrx_word' id='word_1_117' title='bbox 251 1831 316 1881; x_wconf 70' lang='lat' dir='ltr'>Flos.</span> <span class='ocrx_word' id='word_1_118' title='bbox 326 1848 346 1883; x_wconf 88' lang='lat'>1.</span> <span class='ocrx_word' id='word_1_119' title='bbox 359 1839 398 1887; x_wconf 76' lang='lat' dir='ltr'>rs.</span> <span class='ocrx_word' id='word_1_120' title='bbox 411 1837 475 1877; x_wconf 88' lang='lat' dir='ltr'>rum</span> <span class='ocrx_word' id='word_1_121' title='bbox 495 1817 618 1879; x_wconf 78' lang='lat' dir='ltr'>formem</span> <span class='ocrx_word' id='word_1_122' title='bbox 640 1819 740 1879; x_wconf 88' lang='lat' dir='ltr'>ridere</span> <span class='ocrx_word' id='word_1_123' title='bbox 762 1817 955 1878; x_wconf 87' lang='lat' dir='ltr'>ridebantur:</span> <span class='ocrx_word' id='word_1_124' title='bbox 975 1828 1007 1877; x_wconf 91' lang='lat' dir='ltr'>et</span> <span class='ocrx_word' id='word_1_125' title='bbox 1026 1818 1096 1897; x_wconf 90' lang='lat' dir='ltr'>equi</span> <span class='ocrx_word' id='word_1_126' title='bbox 1116 1816 1155 1876; x_wconf 86' lang='lat' dir='ltr'>od</span> <span class='ocrx_word' id='word_1_127' title='bbox 1170 1830 1361 1897; x_wconf 90' lang='lat' dir='ltr'>conspectum</span> 
     </span>
    </p>

    <p class='ocr_par' dir='ltr' id='par_1_10' title="bbox 265 1912 1362 1993">
     <span class='ocr_line' id='line_1_18' title="bbox 265 1912 1362 1993; baseline 0.003 -23"><span class='ocrx_word' id='word_1_128' title='bbox 265 1922 398 1972; x_wconf 65' lang='lat' dir='ltr'>Plinius.</span> <span class='ocrx_word' id='word_1_129' title='bbox 411 1912 587 1993; x_wconf 89' lang='lat' dir='ltr'>odoremque</span> <span class='ocrx_word' id='word_1_130' title='bbox 600 1922 631 1973; x_wconf 89' lang='lat' dir='ltr'>et</span> <span class='ocrx_word' id='word_1_131' title='bbox 648 1913 801 1975; x_wconf 86' lang='lat' dir='ltr'>stridorem</span> <span class='ocrx_word' id='word_1_132' title='bbox 820 1922 883 1972; x_wconf 90' lang='lat' dir='ltr'>tum</span> <span class='ocrx_word' id='word_1_133' title='bbox 904 1913 1028 1992; x_wconf 88' lang='lat' dir='ltr'>primum</span> <span class='ocrx_word' id='word_1_134' title='bbox 1047 1912 1175 1972; x_wconf 74' lang='lat' dir='ltr'>visorum</span> <span class='ocrx_word' id='word_1_135' title='bbox 1193 1912 1362 1973; x_wconf 88' lang='lat' dir='ltr'>belluarum</span> 
     </span>
    </p>

    <p class='ocr_par' dir='ltr' id='par_1_11' title="bbox 248 1990 1363 2658">
     <span class='ocr_line' id='line_1_19' title="bbox 248 1990 1363 2101; baseline 0 -34"><span class='ocrx_word' id='word_1_136' title='bbox 248 1990 334 2101; x_wconf 45' lang='lat' dir='ltr'>{mh</span> <span class='ocrx_word' id='word_1_137' title='bbox 411 2009 552 2079; x_wconf 82' lang='lat' dir='ltr'>exterriti,</span> <span class='ocrx_word' id='word_1_138' title='bbox 563 2010 693 2088; x_wconf 86' lang='lat' dir='ltr'>protinus</span> <span class='ocrx_word' id='word_1_139' title='bbox 701 2008 830 2069; x_wconf 87' lang='lat' dir='ltr'>confusis</span> <span class='ocrx_word' id='word_1_140' title='bbox 836 2007 996 2077; x_wconf 88' lang='lat' dir='ltr'>ordinibus,</span> <span class='ocrx_word' id='word_1_141' title='bbox 1006 2026 1066 2087; x_wconf 88' lang='lat' dir='ltr'>qun</span> <span class='ocrx_word' id='word_1_142' title='bbox 1073 2007 1179 2087; x_wconf 75' lang='lat' dir='ltr'>cuique</span> <span class='ocrx_word' id='word_1_143' title='bbox 1192 2008 1363 2087; x_wconf 86' lang='lat' dir='ltr'>proximum</span> 
     </span>
     <span class='ocr_line' id='line_1_20' title="bbox 411 2101 1363 2183; baseline 0 -22"><span class='ocrx_word' id='word_1_144' title='bbox 411 2112 484 2175; x_wconf 81' lang='lat' dir='ltr'>eret,</span> <span class='ocrx_word' id='word_1_145' title='bbox 499 2104 727 2183; x_wconf 73' lang='lat' dir='ltr'>abripiebantur,</span> <span class='ocrx_word' id='word_1_146' title='bbox 744 2122 925 2181; x_wconf 88' lang='lat' dir='ltr'>sessoresque</span> <span class='ocrx_word' id='word_1_147' title='bbox 941 2101 990 2162; x_wconf 88' lang='lat' dir='ltr'>rel</span> <span class='ocrx_word' id='word_1_148' title='bbox 1008 2102 1209 2171; x_wconf 75' lang='lat' dir='ltr'>excutiebant,</span> <span class='ocrx_word' id='word_1_149' title='bbox 1222 2101 1271 2163; x_wconf 91' lang='lat' dir='ltr'>rel</span> <span class='ocrx_word' id='word_1_150' title='bbox 1283 2102 1363 2162; x_wconf 84' lang='lat' dir='ltr'>frus-</span> 
     </span>
     <span class='ocr_line' id='line_1_21' title="bbox 411 2196 1363 2275; baseline 0.001 -18"><span class='ocrx_word' id='word_1_151' title='bbox 411 2207 456 2257; x_wconf 83' lang='lat' dir='ltr'>tre</span> <span class='ocrx_word' id='word_1_152' title='bbox 477 2199 631 2257; x_wconf 82' lang='lat' dir='ltr'>renitentes</span> <span class='ocrx_word' id='word_1_153' title='bbox 651 2218 750 2259; x_wconf 88' lang='lat' dir='ltr'>secum</span> <span class='ocrx_word' id='word_1_154' title='bbox 771 2196 943 2257; x_wconf 80' lang='lat' dir='ltr'>auferebant</span> <span class='ocrx_word' id='word_1_155' title='bbox 963 2199 992 2257; x_wconf 92' lang='lat' dir='ltr'>in</span> <span class='ocrx_word' id='word_1_156' title='bbox 1015 2196 1126 2275; x_wconf 79' lang='lat' dir='ltr'>lugam,</span> <span class='ocrx_word' id='word_1_157' title='bbox 1147 2197 1225 2256; x_wconf 90' lang='lat' dir='ltr'>etin</span> <span class='ocrx_word' id='word_1_158' title='bbox 1240 2218 1363 2258; x_wconf 78' lang='lat' dir='ltr'>suonam</span> 
     </span>
     <span class='ocr_line' id='line_1_22' title="bbox 412 2291 1363 2373; baseline 0.002 -22"><span class='ocrx_word' id='word_1_159' title='bbox 412 2292 504 2352; x_wconf 80' lang='lat' dir='ltr'>eciem</span> <span class='ocrx_word' id='word_1_160' title='bbox 521 2294 697 2353; x_wconf 84' lang='lat' dir='ltr'>incurrentes</span> <span class='ocrx_word' id='word_1_161' title='bbox 717 2294 816 2354; x_wconf 82' lang='lat' dir='ltr'>omnin</span> <span class='ocrx_word' id='word_1_162' title='bbox 835 2292 1029 2373; x_wconf 75' lang='lat' dir='ltr'>trepidatione</span> <span class='ocrx_word' id='word_1_163' title='bbox 1046 2291 1232 2372; x_wconf 86' lang='lat' dir='ltr'>tumultuque</span> <span class='ocrx_word' id='word_1_164' title='bbox 1255 2295 1363 2353; x_wconf 88' lang='lat' dir='ltr'>misce-</span> 
     </span>
     <span class='ocr_line' id='line_1_23' title="bbox 412 2386 1362 2467; baseline 0.004 -24"><span class='ocrx_word' id='word_1_165' title='bbox 412 2386 492 2446; x_wconf 84' lang='lat' dir='ltr'>bant.</span> <span class='ocrx_word' id='word_1_166' title='bbox 534 2386 679 2448; x_wconf 86' lang='lat' dir='ltr'>Insecutis</span> <span class='ocrx_word' id='word_1_167' title='bbox 701 2386 924 2467; x_wconf 77' lang='lat' dir='ltr'>elephantorum</span> <span class='ocrx_word' id='word_1_168' title='bbox 943 2387 1113 2457; x_wconf 89' lang='lat' dir='ltr'>rectoribus,</span> <span class='ocrx_word' id='word_1_169' title='bbox 1134 2388 1219 2451; x_wconf 87' lang='lat' dir='ltr'>multi</span> <span class='ocrx_word' id='word_1_170' title='bbox 1244 2389 1362 2467; x_wconf 86' lang='lat' dir='ltr'>lugien-</span> 
     </span>
     <span class='ocr_line' id='line_1_24' title="bbox 413 2480 1361 2561; baseline 0.006 -23"><span class='ocrx_word' id='word_1_171' title='bbox 413 2480 485 2539; x_wconf 89' lang='lat' dir='ltr'>tium</span> <span class='ocrx_word' id='word_1_172' title='bbox 499 2482 537 2540; x_wconf 83' lang='lat' dir='ltr'>ub</span> <span class='ocrx_word' id='word_1_173' title='bbox 551 2482 597 2552; x_wconf 86' lang='lat' dir='ltr'>iis,</span> <span class='ocrx_word' id='word_1_174' title='bbox 610 2484 662 2561; x_wconf 91' lang='lat' dir='ltr'>qui</span> <span class='ocrx_word' id='word_1_175' title='bbox 675 2483 704 2541; x_wconf 88' lang='lat' dir='ltr'>in</span> <span class='ocrx_word' id='word_1_176' title='bbox 721 2482 849 2543; x_wconf 87' lang='lat' dir='ltr'>turribus</span> <span class='ocrx_word' id='word_1_177' title='bbox 861 2482 1024 2542; x_wconf 72' lang='lat' dir='ltr'>belluarum</span> <span class='ocrx_word' id='word_1_178' title='bbox 1037 2482 1236 2553; x_wconf 79' lang='lat' dir='ltr'>constiterant,</span> <span class='ocrx_word' id='word_1_179' title='bbox 1255 2483 1361 2543; x_wconf 85' lang='lat' dir='ltr'>vulne·</span> 
     </span>
     <span class='ocr_line' id='line_1_25' title="bbox 413 2576 1363 2658; baseline 0.007 -26"><span class='ocrx_word' id='word_1_180' title='bbox 413 2576 468 2635; x_wconf 82' lang='lat' dir='ltr'>reti</span> <span class='ocrx_word' id='word_1_181' title='bbox 488 2584 571 2635; x_wconf 86' lang='lat' dir='ltr'>sunt:</span> <span class='ocrx_word' id='word_1_182' title='bbox 594 2576 691 2656; x_wconf 86' lang='lat' dir='ltr'>plures</span> <span class='ocrx_word' id='word_1_183' title='bbox 711 2578 750 2637; x_wconf 82' lang='lat' dir='ltr'>sb</span> <span class='ocrx_word' id='word_1_184' title='bbox 771 2576 934 2655; x_wconf 84' lang='lat' dir='ltr'>elephantis</span> <span class='ocrx_word' id='word_1_185' title='bbox 954 2576 1025 2655; x_wconf 84' lang='lat' dir='ltr'>ipsis</span> <span class='ocrx_word' id='word_1_186' title='bbox 1043 2576 1169 2637; x_wconf 85' lang='lat' dir='ltr'>conlecti</span> <span class='ocrx_word' id='word_1_187' title='bbox 1191 2579 1363 2658; x_wconf 84' lang='lat' dir='ltr'>obtritique.</span> 
     </span>
    </p>

    <p class='ocr_par' dir='ltr' id='par_1_12' title="bbox 252 2668 1365 4087">
     <span class='ocr_line' id='line_1_26' title="bbox 281 2668 1361 2753; baseline 0.006 -25"><span class='ocrx_word' id='word_1_188' title='bbox 281 2688 297 2720; x_wconf 83' lang='lat' dir='ltr'>u</span> <span class='ocrx_word' id='word_1_189' title='bbox 414 2668 474 2729; x_wconf 85' lang='lat' dir='ltr'>Sed</span> <span class='ocrx_word' id='word_1_190' title='bbox 495 2669 612 2730; x_wconf 90' lang='lat' dir='ltr'>consule</span> <span class='ocrx_word' id='word_1_191' title='bbox 629 2672 729 2731; x_wconf 83' lang='lat' dir='ltr'>omnio</span> <span class='ocrx_word' id='word_1_192' title='bbox 750 2679 882 2750; x_wconf 83' lang='lat' dir='ltr'>experto,</span> <span class='ocrx_word' id='word_1_193' title='bbox 898 2671 1064 2729; x_wconf 81' lang='lat' dir='ltr'>cohaerebot</span> <span class='ocrx_word' id='word_1_194' title='bbox 1083 2681 1240 2753; x_wconf 89' lang='lat' dir='ltr'>utcumque</span> <span class='ocrx_word' id='word_1_195' title='bbox 1261 2674 1361 2742; x_wconf 71' lang='lat' dir='ltr'>sciesr</span> 
     </span>
     <span class='ocr_line' id='line_1_27' title="bbox 413 2762 1362 2846; baseline 0.006 -23"><span class='ocrx_word' id='word_1_196' title='bbox 413 2762 506 2825; x_wconf 91' lang='lat' dir='ltr'>donec</span> <span class='ocrx_word' id='word_1_197' title='bbox 519 2765 647 2825; x_wconf 84' lang='lat' dir='ltr'>immissa</span> <span class='ocrx_word' id='word_1_198' title='bbox 659 2766 771 2846; x_wconf 79' lang='lat' dir='ltr'>Pyrrhi</span> <span class='ocrx_word' id='word_1_199' title='bbox 790 2765 910 2845; x_wconf 91' lang='lat' dir='ltr'>imperio</span> <span class='ocrx_word' id='word_1_200' title='bbox 931 2764 1100 2826; x_wconf 71' lang='lat' dir='ltr'>Thessalica</span> <span class='ocrx_word' id='word_1_201' title='bbox 1119 2765 1169 2827; x_wconf 79' lang='lat' dir='ltr'>ele</span> <span class='ocrx_word' id='word_1_202' title='bbox 1188 2767 1264 2828; x_wconf 86' lang='lat' dir='ltr'>mele</span> <span class='ocrx_word' id='word_1_203' title='bbox 1275 2768 1362 2829; x_wconf 71' lang='lat' dir='ltr'>rosis</span> 
     </span>
     <span class='ocr_line' id='line_1_28' title="bbox 383 2859 803 2941; baseline 0 -22"><span class='ocrx_word' id='word_1_204' title='bbox 383 2932 386 2939; x_wconf 17' lang='grc' dir='ltr'><strong>Α</strong></span> <span class='ocrx_word' id='word_1_205' title='bbox 413 2868 507 2921; x_wconf 88' lang='lat' dir='ltr'>tentes</span> <span class='ocrx_word' id='word_1_206' title='bbox 519 2859 607 2939; x_wconf 85' lang='lat' dir='ltr'>fregit</span> <span class='ocrx_word' id='word_1_207' title='bbox 618 2860 803 2941; x_wconf 89' lang='lat' dir='ltr'>disjecitque.</span> 
     </span>
     <span class='ocr_line' id='line_1_29' title="bbox 453 2954 1361 3036; baseline 0.004 -20"><span class='ocrx_word' id='word_1_208' title='bbox 453 2962 483 3016; x_wconf 84' lang='lat'>8.</span> <span class='ocrx_word' id='word_1_209' title='bbox 506 2954 616 3036; x_wconf 90' lang='lat' dir='ltr'>Neque</span> <span class='ocrx_word' id='word_1_210' title='bbox 637 2957 760 3017; x_wconf 89' lang='lat' dir='ltr'>dubium</span> <span class='ocrx_word' id='word_1_211' title='bbox 780 2956 916 3025; x_wconf 89' lang='lat' dir='ltr'>habetur,</span> <span class='ocrx_word' id='word_1_212' title='bbox 936 2956 1007 3034; x_wconf 90' lang='lat' dir='ltr'>quin</span> <span class='ocrx_word' id='word_1_213' title='bbox 1027 2974 1064 3015; x_wconf 91' lang='lat' dir='ltr'>eo</span> <span class='ocrx_word' id='word_1_214' title='bbox 1083 2956 1141 3017; x_wconf 89' lang='lat' dir='ltr'>situ</span> <span class='ocrx_word' id='word_1_215' title='bbox 1155 2956 1285 3036; x_wconf 86' lang='lat' dir='ltr'>locique</span> <span class='ocrx_word' id='word_1_216' title='bbox 1296 2968 1361 3019; x_wconf 89' lang='lat' dir='ltr'>tom</span> 
     </span>
     <span class='ocr_line' id='line_1_30' title="bbox 414 3050 1362 3132; baseline 0 -19"><span class='ocrx_word' id='word_1_217' title='bbox 414 3050 543 3113; x_wconf 87' lang='lat' dir='ltr'>conclusi</span> <span class='ocrx_word' id='word_1_218' title='bbox 556 3053 742 3120; x_wconf 79' lang='lat' dir='ltr'>tenebuntur,</span> <span class='ocrx_word' id='word_1_219' title='bbox 754 3051 822 3112; x_wconf 76' lang='lat' dir='ltr'>cessi</span> <span class='ocrx_word' id='word_1_220' title='bbox 835 3070 935 3111; x_wconf 78' lang='lat' dir='ltr'>omues</span> <span class='ocrx_word' id='word_1_221' title='bbox 946 3051 1064 3130; x_wconf 75' lang='lat' dir='ltr'>captive</span> <span class='ocrx_word' id='word_1_222' title='bbox 1084 3050 1189 3121; x_wconf 85' lang='lat' dir='ltr'>forent,</span> <span class='ocrx_word' id='word_1_223' title='bbox 1201 3052 1243 3123; x_wconf 87' lang='lat' dir='ltr'>ni,</span> <span class='ocrx_word' id='word_1_224' title='bbox 1256 3065 1362 3132; x_wconf 77' lang='lat' dir='ltr'>praeter</span> 
     </span>
     <span class='ocr_line' id='line_1_31' title="bbox 270 3146 1360 3226; baseline -0.003 -15"><span class='ocrx_word' id='word_1_225' title='bbox 270 3162 353 3211; x_wconf 73' lang='lat' dir='ltr'>Prono.</span> <span class='ocrx_word' id='word_1_226' title='bbox 415 3146 653 3207; x_wconf 87' lang='lat' dir='ltr'>consuetudinem</span> <span class='ocrx_word' id='word_1_227' title='bbox 669 3147 791 3225; x_wconf 89' lang='lat' dir='ltr'>Pyrrhi,</span> <span class='ocrx_word' id='word_1_228' title='bbox 805 3146 856 3225; x_wconf 91' lang='lat' dir='ltr'>qui</span> <span class='ocrx_word' id='word_1_229' title='bbox 868 3147 925 3206; x_wconf 94' lang='lat' dir='ltr'>hoc</span> <span class='ocrx_word' id='word_1_230' title='bbox 937 3147 1153 3226; x_wconf 77' lang='lat' dir='ltr'>imperatorium</span> <span class='ocrx_word' id='word_1_231' title='bbox 1165 3147 1294 3218; x_wconf 87' lang='lat' dir='ltr'>rebatur,</span> <span class='ocrx_word' id='word_1_232' title='bbox 1302 3170 1360 3209; x_wconf 89' lang='lat' dir='ltr'>non</span> 
     </span>
     <span class='ocr_line' id='line_1_32' title="bbox 252 3228 1361 3325; baseline -0.002 -23"><span class='ocrx_word' id='word_1_233' title='bbox 252 3228 280 3274; x_wconf 74' lang='lat'>¹¹¹</span> <span class='ocrx_word' id='word_1_234' title='bbox 281 3236 359 3275; x_wconf 60' lang='lat'>¹¹¹</span> <span class='ocrx_word' id='word_1_235' title='bbox 363 3231 403 3277; x_wconf 79' lang='lat'>¹¹</span> <span class='ocrx_word' id='word_1_236' title='bbox 396 3242 601 3320; x_wconf 73' lang='lat' dir='ltr'>pertinaciter</span> <span class='ocrx_word' id='word_1_237' title='bbox 613 3242 718 3299; x_wconf 76' lang='lat' dir='ltr'>instare</span> <span class='ocrx_word' id='word_1_238' title='bbox 734 3239 925 3317; x_wconf 84' lang='lat' dir='ltr'>fugientibus,</span> <span class='ocrx_word' id='word_1_239' title='bbox 940 3261 977 3300; x_wconf 91' lang='lat' dir='ltr'>ne</span> <span class='ocrx_word' id='word_1_240' title='bbox 998 3240 1056 3299; x_wconf 83' lang='lat' dir='ltr'>olio</span> <span class='ocrx_word' id='word_1_241' title='bbox 1073 3249 1202 3320; x_wconf 87' lang='lat' dir='ltr'>tempore</span> <span class='ocrx_word' id='word_1_242' title='bbox 1223 3241 1361 3325; x_wconf 75' lang='lat' dir='ltr'>despera-</span> 
     </span>
     <span class='ocr_line' id='line_1_33' title="bbox 271 3336 1362 3419; baseline -0.002 -19"><span class='ocrx_word' id='word_1_243' title='bbox 271 3352 309 3400; x_wconf 84' lang='grc' dir='ltr'>Ει</span> <span class='ocrx_word' id='word_1_244' title='bbox 293 3360 371 3417; x_wconf 77' lang='lat' dir='ltr'>cnop.</span> <span class='ocrx_word' id='word_1_245' title='bbox 386 3354 403 3405; x_wconf 91' lang='grc'>1.</span> <span class='ocrx_word' id='word_1_246' title='bbox 416 3338 494 3397; x_wconf 90' lang='lat' dir='ltr'>tione</span> <span class='ocrx_word' id='word_1_247' title='bbox 507 3336 610 3395; x_wconf 86' lang='lat' dir='ltr'>salutis</span> <span class='ocrx_word' id='word_1_248' title='bbox 622 3336 718 3397; x_wconf 85' lang='lat' dir='ltr'>scrius</span> <span class='ocrx_word' id='word_1_249' title='bbox 729 3336 904 3405; x_wconf 86' lang='lat' dir='ltr'>resisterent,</span> <span class='ocrx_word' id='word_1_250' title='bbox 916 3337 1007 3396; x_wconf 83' lang='lat' dir='ltr'>etiem</span> <span class='ocrx_word' id='word_1_251' title='bbox 1023 3355 1152 3417; x_wconf 67' lang='lat' dir='ltr'>praeceps</span> <span class='ocrx_word' id='word_1_252' title='bbox 1167 3337 1197 3397; x_wconf 89' lang='lat' dir='ltr'>in</span> <span class='ocrx_word' id='word_1_253' title='bbox 1209 3358 1362 3419; x_wconf 77' lang='lat' dir='ltr'>vesperem</span> 
     </span>
     <span class='ocr_line' id='line_1_34' title="bbox 254 3429 1363 3513; baseline 0.007 -25"><span class='ocrx_word' id='word_1_254' title='bbox 254 3431 286 3466; x_wconf 90' lang='lat'>¹¹·</span> <span class='ocrx_word' id='word_1_255' title='bbox 416 3430 480 3490; x_wconf 91' lang='lat' dir='ltr'>dies</span> <span class='ocrx_word' id='word_1_256' title='bbox 499 3432 593 3509; x_wconf 88' lang='lat' dir='ltr'>regios</span> <span class='ocrx_word' id='word_1_257' title='bbox 613 3449 632 3488; x_wconf 84' lang='lat' dir='ltr'>o</span> <span class='ocrx_word' id='word_1_258' title='bbox 652 3429 852 3510; x_wconf 86' lang='lat' dir='ltr'>persequendo</span> <span class='ocrx_word' id='word_1_259' title='bbox 872 3430 1009 3491; x_wconf 87' lang='lat' dir='ltr'>desistere</span> <span class='ocrx_word' id='word_1_260' title='bbox 1029 3431 1182 3509; x_wconf 87' lang='lat' dir='ltr'>coegisset.</span> <span class='ocrx_word' id='word_1_261' title='bbox 1231 3433 1363 3513; x_wconf 87' lang='lat' dir='ltr'>Adjurit</span> 
     </span>
     <span class='ocr_line' id='line_1_35' title="bbox 255 3524 1361 3608; baseline 0.007 -24"><span class='ocrx_word' id='word_1_262' title='bbox 255 3544 339 3592; x_wconf 71' lang='lat' dir='ltr'>zonat.</span> <span class='ocrx_word' id='word_1_263' title='bbox 417 3524 1074 3605; x_wconf 84' lang='lat' dir='ltr'>etiamlortunareliquiesinlelicisexercitus,</span> <span class='ocrx_word' id='word_1_264' title='bbox 1088 3526 1361 3608; x_wconf 85' lang='lat' dir='ltr'>quodclephantos,</span> 
     </span>
     <span class='ocr_line' id='line_1_36' title="bbox 418 3620 1362 3701; baseline 0.007 -20"><span class='ocrx_word' id='word_1_265' title='bbox 418 3629 539 3701; x_wconf 79' lang='lat' dir='ltr'>eccepto</span> <span class='ocrx_word' id='word_1_266' title='bbox 552 3620 671 3681; x_wconf 86' lang='lat' dir='ltr'>vulnere</span> <span class='ocrx_word' id='word_1_267' title='bbox 684 3640 850 3692; x_wconf 86' lang='lat' dir='ltr'>conversus,</span> <span class='ocrx_word' id='word_1_268' title='bbox 865 3622 954 3681; x_wconf 88' lang='lat' dir='ltr'>ctiam</span> <span class='ocrx_word' id='word_1_269' title='bbox 970 3631 1083 3682; x_wconf 86' lang='lat' dir='ltr'>ceteros</span> <span class='ocrx_word' id='word_1_270' title='bbox 1096 3624 1206 3684; x_wconf 84' lang='lat' dir='ltr'>barritu</span> <span class='ocrx_word' id='word_1_271' title='bbox 1221 3628 1362 3689; x_wconf 80' lang='lat' dir='ltr'>truhnrit.</span> 
     </span>
     <span class='ocr_line' id='line_1_37' title="bbox 420 3715 1362 3799; baseline 0.008 -24"><span class='ocrx_word' id='word_1_272' title='bbox 420 3715 467 3775; x_wconf 84' lang='lat' dir='ltr'>Es</span> <span class='ocrx_word' id='word_1_273' title='bbox 476 3736 521 3778; x_wconf 88' lang='lat' dir='ltr'>res</span> <span class='ocrx_word' id='word_1_274' title='bbox 528 3726 640 3777; x_wconf 81' lang='lat' dir='ltr'>moreto</span> <span class='ocrx_word' id='word_1_275' title='bbox 650 3718 758 3787; x_wconf 86' lang='lat' dir='ltr'>hostes,</span> <span class='ocrx_word' id='word_1_276' title='bbox 768 3716 894 3796; x_wconf 79' lang='lat' dir='ltr'>spatium</span> <span class='ocrx_word' id='word_1_277' title='bbox 901 3715 1079 3794; x_wconf 86' lang='lat' dir='ltr'>fugientibus</span> <span class='ocrx_word' id='word_1_278' title='bbox 1086 3718 1179 3789; x_wconf 89' lang='lat' dir='ltr'>dedit,</span> <span class='ocrx_word' id='word_1_279' title='bbox 1187 3732 1362 3799; x_wconf 80' lang='lat' dir='ltr'>quo,trens-</span> 
     </span>
     <span class='ocr_line' id='line_1_38' title="bbox 419 3810 1365 3895; baseline 0.007 -22"><span class='ocrx_word' id='word_1_280' title='bbox 419 3812 505 3873; x_wconf 86' lang='lat' dir='ltr'>misso</span> <span class='ocrx_word' id='word_1_281' title='bbox 517 3832 613 3883; x_wconf 87' lang='lat' dir='ltr'>smne,</span> <span class='ocrx_word' id='word_1_282' title='bbox 627 3812 776 3892; x_wconf 86' lang='lat' dir='ltr'>pervenire</span> <span class='ocrx_word' id='word_1_283' title='bbox 796 3811 826 3870; x_wconf 93' lang='lat' dir='ltr'>in</span> <span class='ocrx_word' id='word_1_284' title='bbox 842 3810 986 3891; x_wconf 85' lang='lat' dir='ltr'>Apuliam</span> <span class='ocrx_word' id='word_1_285' title='bbox 1008 3822 1141 3893; x_wconf 87' lang='lat' dir='ltr'>possent;</span> <span class='ocrx_word' id='word_1_286' title='bbox 1164 3815 1263 3895; x_wconf 92' lang='lat' dir='ltr'>ibique</span> <span class='ocrx_word' id='word_1_287' title='bbox 1283 3821 1365 3881; x_wconf 87' lang='lat' dir='ltr'>urhis</span> 
     </span>
     <span class='ocr_line' id='line_1_39' title="bbox 419 3906 1363 4017; baseline 0.008 -52"><span class='ocrx_word' id='word_1_288' title='bbox 419 3907 571 3985; x_wconf 84' lang='lat' dir='ltr'>cujusdem</span> <span class='ocrx_word' id='word_1_289' title='bbox 592 3908 798 3967; x_wconf 87' lang='lat' dir='ltr'>munitionibus</span> <span class='ocrx_word' id='word_1_290' title='bbox 818 3906 956 3967; x_wconf 78' lang='lat' dir='ltr'>adversus</span> <span class='ocrx_word' id='word_1_291' title='bbox 977 3908 1087 3968; x_wconf 81' lang='lat' dir='ltr'>lustuns</span> <span class='ocrx_word' id='word_1_292' title='bbox 1107 3910 1268 4017; x_wconf 88' lang='lat' dir='ltr'>periculum</span> <span class='ocrx_word' id='word_1_293' title='bbox 1280 3922 1363 3992; x_wconf 79' lang='lat' dir='ltr'>tege-</span> 
     </span>
     <span class='ocr_line' id='line_1_40' title="bbox 273 4000 1362 4087; baseline 0.014 -34"><span class='ocrx_word' id='word_1_294' title='bbox 273 4002 312 4053; x_wconf 87' lang='lat' dir='ltr'><strong>G</strong></span> <span class='ocrx_word' id='word_1_295' title='bbox 314 4003 368 4053; x_wconf 78' lang='lat' dir='ltr'>ret</span> <span class='ocrx_word' id='word_1_296' title='bbox 420 4010 527 4073; x_wconf 78' lang='lat' dir='ltr'>rentur.¹</span> <span class='ocrx_word' id='word_1_297' title='bbox 568 4000 702 4059; x_wconf 81' lang='lat' dir='ltr'>Caesoeo</span> <span class='ocrx_word' id='word_1_298' title='bbox 719 4000 820 4080; x_wconf 82' lang='lat' dir='ltr'>praelio</span> <span class='ocrx_word' id='word_1_299' title='bbox 840 4000 1043 4063; x_wconf 77' lang='lat' dir='ltr'>Romanorum</span> <span class='ocrx_word' id='word_1_300' title='bbox 1064 4005 1266 4086; x_wconf 85' lang='lat' dir='ltr'>sociorumque</span> <span class='ocrx_word' id='word_1_301' title='bbox 1279 4010 1362 4087; x_wconf 89' lang='lat' dir='ltr'>pedi-</span> 
     </span>
    </p>
   </div>
   <div class='ocr_carea' id='block_1_4' title="bbox 259 4068 1361 4187">
    <p class='ocr_par' dir='ltr' id='par_1_13' title="bbox 259 4068 1361 4187">
     <span class='ocr_line' id='line_1_41' title="bbox 259 4068 1361 4187; baseline 0.021 -41"><span class='ocrx_word' id='word_1_302' title='bbox 259 4068 316 4119; x_wconf 74' lang='lat' dir='ltr'>V¹⁰¹</span> <span class='ocrx_word' id='word_1_303' title='bbox 318 4070 353 4116; x_wconf 80' lang='lat'>¹·¹&#39;</span> <span class='ocrx_word' id='word_1_304' title='bbox 421 4102 482 4155; x_wconf 88' lang='lat' dir='ltr'>turn</span> <span class='ocrx_word' id='word_1_305' title='bbox 495 4094 587 4157; x_wconf 83' lang='lat' dir='ltr'>millis</span> <span class='ocrx_word' id='word_1_306' title='bbox 599 4094 831 4177; x_wconf 78' lang='lat' dir='ltr'>quatuordecim,</span> <span class='ocrx_word' id='word_1_307' title='bbox 843 4105 874 4157; x_wconf 90' lang='lat' dir='ltr'>et</span> <span class='ocrx_word' id='word_1_308' title='bbox 887 4107 1028 4178; x_wconf 74' lang='lat' dir='ltr'>pretereo</span> <span class='ocrx_word' id='word_1_309' title='bbox 1046 4101 1229 4179; x_wconf 86' lang='lat' dir='ltr'>octingentos</span> <span class='ocrx_word' id='word_1_310' title='bbox 1244 4112 1361 4187; x_wconf 75' lang='lat' dir='ltr'>septue-</span> 
     </span>
    </p>
   </div>
   <div class='ocr_carea' id='block_1_5' title="bbox 0 0 1470 4767">
    <p class='ocr_par' dir='ltr' id='par_1_14' title="bbox 0 0 1470 4767">
     <span class='ocr_line' id='line_1_42' title="bbox 0 0 1470 4767; baseline 0 0"><span class='ocrx_word' id='word_1_311' title='bbox 0 0 1470 4767; x_wconf 95' lang='lat' dir='ltr'> </span> 
     </span>
    </p>
   </div>
  </div>
 </body>
</html>
