2917 4767
467 428 538 477 nra.
562 422 675 477 xxiv.
697 428 782 478 oar.
805 414 858 479 la.
1120 412 1208 482 2009

86 571 195 636 vent.
240 568 278 635 Si
300 571 394 652 signa
415 572 503 655 eJus,
521 572 551 637 si
573 580 684 638 eastra
704 582 889 658 conspecta
910 568 1105 641 a'Tarento
1129 578 1207 654 sint,

83 669 200 736 haud
216 672 322 736 ullam
340 672 599 738 intercessuram
618 693 754 752 moram,
770 676 849 759 quin
868 676 949 740 urbs
968 676 1121 743 dedatur.
1166 675 1207 743 In

87 782 280 859 potestate
301 776 473 860 juniorum
497 778 640 861 plebem,
655 780 691 841 in
711 793 813 843 mauu
837 779 947 863 plebis
965 800 1034 847 reru
1056 780 1207 847 Tarenti·

86 874 185 943 mam
200 878 302 943 esse!
343 878 518 943 Hannibal
534 880 746 945 collaudatos
762 898 819 944 eos
834 888 1054 965 oneratosque
1072 884 1207 966 ingenti·

86 982 174 1044 bns
190 982 363 1064 promissis
386 982 522 1045 domum
544 980 588 1045 ad
612 990 731 1065 coepta
746 984 944 1048 maturanda
960 982 1067 1051 redire
1086 984 1205 1069 jubete

93 1104 142 1147 se
158 1084 195 1146 iu
211 1089 361 1165 tempore
376 1082 553 1147 affuturum
568 1102 658 1148 esse.
703 1083 783 1149 Hae
803 1104 878 1149 uum
904 1104 965 1169 spe
987 1085 1116 1151 dimissi
1138 1086 1206 1153 Τα-

91 1184 238 1249 rentini.
284 1183 401 1268 Ipsum
426 1186 542 1264 ingens
564 1184 690 1269 cupido
713 1186 899 1252 incesserat
912 1188 1051 1252 Tarenti
1073 1190 1207 1273 potiun-

93 1288 168 1351 di.¹¹
197 1286 325 1351 Urbem
340 1306 417 1351 esse
433 1286 580 1363 videbat,
591 1306 666 1351 cum
683 1288 875 1369 opulentam
893 1290 1121 1373 nobilemque,
1136 1298 1205 1357 turn

94 1390 318 1465 maritimum,
340 1396 374 1452 et
393 1390 425 1451 in
448 1386 688 1455 Macedoniam
706 1399 895 1474 opportune
906 1409 1060 1457 versamr
1082 1412 1206 1475 regem·

95 1511 173 1575 que
190 1490 385 1574 Philippum
407 1490 495 1553 buno
515 1496 662 1573 portum,
684 1495 712 1556 si
729 1494 885 1557 transiret
908 1494 941 1557 iu
964 1492 1106 1571 ltaliam,
1129 1514 1205 1560 cum

97 1592 322 1658 Brundisium
339 1592 483 1657 Romani
498 1594 668 1671 baberent,
685 1594 881 1676 petiturum.
918 1594 1023 1660 Sauro
1037 1596 1116 1660 iude
1131 1616 1204 1680 per·

99 1704 248 1780 petreio,
269 1696 311 1759 ad
335 1696 428 1779 quod
445 1704 596 1772 venerat,
616 1703 661 1774 et,
677 1697 757 1761 dnm
773 1697 821 1761 ibi
837 1705 996 1771 moratur,
1012 1704 1205 1781 pervastato

98 1816 184 1881 agro
206 1796 359 1862 Cumano
382 1817 490 1883 usque
516 1798 559 1863 ad
585 1797 712 1863 Miseni
739 1800 1022 1881 promontorium,⁰
1043 1799 1205 1864 Puteolos

97 1906 238 1981 repente
253 1919 373 1982 agmen
388 1900 562 1974 convertit,
579 1900 622 1965 ad
638 1900 894 1984 opprimendum
917 1902 1111 1986 praesidium
1135 1900 1205 1967 Ro·

97 2019 248 2065 manum.
292 2002 365 2065 Sex
380 2002 488 2065 millia
513 2002 682 2067 bominum
706 2008 811 2080 erant,
827 2011 863 2067 et
885 2004 983 2068 loeus
1003 2004 1204 2071 munimento

97 2092 251 2193 quodue,
267 2122 332 2168 non
357 2110 480 2168 natura
505 2103 617 2179 modo,
644 2109 750 2167 tutus.
793 2104 955 2169 Triduum
982 2106 1029 2170 ibi
1053 2114 1204 2169 moratus

99 2206 242 2283 Poenus,
258 2206 302 2269 ab
326 2205 417 2270 omni
440 2211 534 2290 parte
558 2212 687 2271 tentato
711 2205 887 2289 praesidio‚
908 2196 1041 2283 deiude,
1064 2217 1101 2271 nt
1123 2206 1205 2271 nibil

97 2306 319 2389 procedebat,
337 2308 381 2371 ad
404 2307 638 2391 populandum
659 2326 772 2389 agrum
798 2306 1072 2391 Neapolitanum,
1095 2312 1204 2391 magis

96 2408 150 2472 ira
165 2427 267 2492 quam
283 2409 459 2491 potiundae
475 2409 568 2474 urbis
584 2428 658 2491 spe,
673 2409 849 2492 prooessit.
894 2408 1050 2477 Adventu
1071 2410 1145 2495 ejus
1168 2412 1203 2476 iu

95 2510 328 2594 propinquum
344 2530 460 2592 agrum
478 2510 609 2575 Nolana
631 2517 723 2575 mota
736 2516 787 2575 est
802 2512 911 2593 plebs,
921 2513 992 2597 jam
1009 2513 1066 2577 din
1083 2529 1205 2579 aversa

97 2614 144 2675 ab
157 2611 321 2676 Romanis
332 2621 368 2678 et
382 2613 503 2678 infesta
518 2612 648 2675 senatui
666 2630 741 2674 suo.
787 2610 906 2695 ltaque
920 2612 1021 2693 legati
1033 2612 1076 2676 ad
1093 2632 1203 2679 arces·

97 2712 241 2777 sendum
257 2714 499 2791 Hannibalern,
523 2734 598 2779 cnm
622 2713 831 2778 hauddubie
851 2715 1017 2797 promisso
1032 2715 1202 2780 tradendae

98 2816 205 2891 urbis,
219 2826 390 2882 venerunt.
427 2816 597 2882 Praerenit
611 2816 779 2899 inceptum
795 2834 909 2879 eorum
928 2816 1111 2881 Marcellus
1123 2834 1202 2881 con·

596 2983 620 3033 N
624 2982 702 3033 OTAE

128 3091 141 3115 ¹¹
153 3080 252 3131 Tamti
260 3078 381 3143 potiendi]
392 3080 543 3135 Tarentum,
555 3094 570 3128 a
582 3094 633 3143 qrro
669 3078 730 3129 dre!

95 3159 170 3206 alnus
189 3157 355 3215 Tarentinus,
379 3154 470 3214 Siculi,
493 3170 537 3203 aea
566 3156 633 3205 lonii
701 3162 714 3187 ⁰
730 3154 873 3203 AdMireai
889 3154 1084 3218 promontorium]
1101 3154 1203 3207 Nomen

95 3235 174 3283 naria
194 3246 263 3296 pars,
281 3231 308 3281 ln
328 3232 401 3295 cnjus
420 3232 511 3280 intimo
530 3245 633 3279 recessu
670 3232 803 3294 accepisse
827 3232 940 3281 traditur
958 3246 973 3280 a
991 3232 1093 3282 Miseno
1112 3234 1202 3284 AEueae

96 3310 205 3359 condita
223 3307 274 3357 fult
295 3310 336 3357 rel
360 3317 440 3370 rapta
460 3322 476 3356 a
497 3307 636 3371 Phalanto,
670 3307 784 3355 tubicine
797 3306 832 3355 ibi
844 3307 959 3369 sepulto:
973 3320 1117 3370 quanquam
1129 3308 1203 3359 Stra-

95 3386 202 3435 eaulum
210 3384 341 3433 Laconum
349 3382 631 3431 Partheniatarumdn·
668 3382 702 3430 bo
714 3381 837 3431 Baiarum
849 3392 875 3431 et
889 3383 982 3431 Miseni
999 3384 1101 3432 nomina
1117 3382 1150 3432 ab
1163 3399 1203 3434 ao·

96 3475 138 3521 ce,
150 3460 176 3507 iu
188 3457 326 3508 Calabria:
347 3467 401 3506 tum
416 3457 593 3519 magnitudine
604 3466 632 3507 et
668 3457 715 3505 uiis
723 3456 821 3521 Ulyssia
832 3458 943 3513 derivat,
954 3458 998 3523 qui
1009 3457 1046 3505 bia
1057 3458 1202 3509 nominibus

97 3538 180 3586 muria
189 3534 494 3598 portuquanobilla‚tum
505 3536 632 3585 mirabilia
668 3532 742 3582 dieti.
777 3532 860 3583 Situm
874 3532 953 3582 babet
968 3533 1036 3582 ultra
1047 3533 1151 3595 Cumas,
1169 3548 1202 3583 ex

99 3609 275 3675 aitu(quippe
291 3610 318 3658 in
335 3610 397 3672 ipaia
410 3609 537 3660 Adriatici
554 3612 632 3662 maria
668 3608 780 3658 adverto
797 3608 920 3667 Ennia,
938 3624 984 3659 seu
1006 3609 1144 3673 Prochyte
1165 3612 1203 3661 iu·

94 3684 511 3749 lancibuapoaitmrtaitlilorusl.
519 3700 538 3736 1.
547 3702 571 3737 e.
582 3689 634 3748 18.)
666 3687 738 3735 aulae.
781 3684 868 3735 Hodie
889 3701 990 3750 quoque
1012 3695 1119 3737 vocatur
1138 3688 1204 3751 Cape

98 3763 177 3813 bodie
196 3765 312 3824 l'uraato,
329 3763 578 3827 archiepiscopatus
602 3772 630 3814 et
667 3763 769 3811 Mimo.
788 3762 908 3812 Vicinum
920 3765 998 3813 babet
1010 3774 1202 3827 portumeum·

95 3840 265 3904 Principatua
274 3841 351 3890 titulo
360 3840 453 3889 nobilia
463 3839 533 3899 ruba,
541 3840 566 3888 in
577 3839 633 3904 lly-
668 3854 719 3904 que
737 3840 870 3903 pulchrum
890 3848 917 3888 et
935 3839 1104 3901 protundumr
1123 3850 1203 3903 atque

97 3916 221 3965 drantius
231 3916 305 3978 regni
316 3914 633 3977 Neapolitaniproaineia·
668 3917 695 3965 in
709 3931 740 3966 eo
757 3915 888 3976 diruuntur
899 3917 1006 3964 classem
1019 3918 1157 3966 collocarit
1168 3918 1201 3967 ad

97 3991 221 4041 Ceterum
247 3989 358 4054 potiundi
377 3989 494 4050 terbum,
516 3991 633 4054 quamvis
669 3995 778 4041 tutelam
801 3990 881 4041 lulerl
901 3992 987 4041 maria·
1012 3993 1106 4042 lneolae
1126 3994 1202 4043 Porta

96 4069 250 4133 plerumque
268 4082 327 4118 oum
343 4067 479 4117 auferendi
496 4082 558 4117 casu
572 4068 633 4131 jun·
670 4068 754 4117 Giatr'o
765 4068 909 4130 appeliant,
920 4067 995 4130 falso,
1008 4078 1035 4118 ut
1047 4070 1084 4119 ait
1096 4071 1201 4123 Cluver.

101 4154 187 4207 ratur,
221 4158 307 4193 rameu
343 4143 481 4204 aliquando
518 4144 634 4205 genitivo
667 4143 820 4195 euruJuliua
829 4152 919 4207 portua
929 4143 1009 4194 fuerit
1019 4144 1050 4195 ad
1062 4147 1200 4197 Lucrinum

98 4222 225 4285 gaudere,
235 4222 296 4269 bine
307 4229 335 4270 et
346 4234 378 4269 ea
395 4220 511 4283 proxime
525 4234 632 4283 aequeu·
669 4221 853 4283 Aversumque
864 4222 944 4269 laeua.
979 4221 1052 4270 Cirea
1065 4222 1120 4272 lrrrc
1132 4225 1201 4274 littu-

97 4300 168 4349 tibua
188 4304 273 4359 patet,
291 4298 336 4346 ubl
360 4297 510 4346 ‘libertatis
529 4299 633 4361 potiun-
668 4294 782 4347 rasuera
793 4297 923 4349 Cimmerii
936 4298 1079 4349 Homerici.

162 4380 251 4442 Delpt.
262 4384 288 4427 at
302 4378 361 4427 Vm.
374 4378 439 4426 Ctaa.
608 4377 700 4428 Liuiae.
1077 4384 1094 4428 6
1110 4381 1134 4430 Q
