2917 4767
606 368 610 382 '
709 373 743 419 Τ.
768 371 864 420 blVll

389 514 548 575 tumultum
560 522 593 573 et
604 513 828 593 trepidationem
842 514 965 573 avehere
986 522 1151 593 ponerent,
1172 532 1203 571 se
1222 530 1351 592 recepe-

390 620 467 669 runt.
497 607 591 689 Apud
601 608 768 679 Romanos,
780 619 887 689 preter
895 609 1110 669 aemulationem
1118 607 1238 676 ducum,
1250 610 1353 667 etiarn

390 726 429 763 ex
442 706 529 764 rebus
540 705 684 785 prosperis
696 713 727 763 et
747 716 827 763 metu
845 706 971 765 boetium
992 704 1169 783 negligentia
1188 712 1255 761 orta
1266 714 1353 771 erat,

391 810 533 880 perpetua
545 799 693 859 felicitatis
705 820 815 860 comes.
858 800 906 861 Ea
915 820 1004 860 causa
1016 810 1047 859 et
1058 798 1159 858 damni
1172 797 1298 877 aliquid,
1313 810 1353 856 et

392 896 544 975 aliquanto
556 895 623 975 plus
636 895 803 973 ignominie
817 896 926 957 attulit.
969 898 1090 976 Quippe
1102 894 1211 954 milites
1222 912 1275 973 per
1287 895 1356 951 ab··

391 999 479 1071 rupta
498 1000 529 1049 et
549 991 629 1050 invia
648 992 818 1050 contemtim
839 1001 972 1071 repentes
990 992 1060 1051 loco
1081 990 1200 1069 adjutus
1225 988 1354 1048 Samnis

393 1084 507 1165 pepulit
518 1084 653 1165 fuditque
664 1105 672 1145 z
693 1086 778 1145 multi
798 1087 879 1145 saxis
890 1086 993 1147 telisre
1005 1088 1113 1153 obruti,
1134 1094 1187 1145 aut
1198 1085 1228 1143 in
1239 1084 1351 1164 praeci-

394 1182 468 1261 pitia
479 1181 638 1251 deturbati,
652 1182 840 1241 interierunt:
863 1182 925 1251 ulii,
945 1202 1012 1241 oum
1026 1202 1120 1261 neque
1140 1189 1276 1260 receptus
1294 1198 1353 1239 oo·

394 1278 455 1355 pia,
470 1296 564 1355 neque
577 1276 726 1355 pugnandi
739 1275 865 1337 facultas
877 1285 964 1348 esoet,
978 1278 1039 1337 vivi
1051 1277 1131 1356 capti
1143 1284 1220 1335 eunt

436 1378 465 1430 5.
488 1370 552 1430 Hic
573 1390 658 1430 casus
678 1370 803 1431 ducibus
824 1371 864 1430 ad
884 1371 1094 1451 disjungendus
1115 1371 1219 1429 iterum
1244 1369 1354 1449 copim

395 1465 584 1525 incitamento
597 1465 670 1525 fuir:
691 1485 760 1525 curn
785 1467 816 1525 in
828 1466 974 1545 collegam
992 1466 1117 1527 infelicis
1135 1464 1223 1543 ooepti
1235 1464 1354 1525 collata

395 1560 495 1640 culpa,
508 1581 539 1619 se
553 1560 687 1639 quisque,
701 1561 725 1619 si
746 1560 825 1620 solus
838 1561 950 1632 luisset,
963 1562 1068 1621 melius
1080 1570 1169 1640 atque
1182 1560 1355 1640 prosperius

396 1674 457 1714 rem
467 1665 614 1734 gesturum
624 1656 712 1715 luisse
726 1656 908 1735 praedicaret.
930 1655 967 1716 (i.
981 1656 1088 1716 Junius
1103 1674 1171 1715 cum
1183 1655 1243 1713 suia
1255 1653 1352 1733 legio·

397 1750 482 1809 uibus
494 1750 523 1809 in
536 1750 658 1810 Samnio
671 1752 788 1810 meruit.
809 1752 851 1813 P.
864 1751 1057 1811 Corneliurin
1070 1752 1205 1811 Lucanos
1211 1758 1244 1809 et
1256 1750 1354 1809 Brat-

396 1845 454 1905 cos
472 1846 616 1905 convertit
628 1846 779 1925 impetum.
821 1845 872 1904 Ibi
885 1855 1023 1905 terrorem
1034 1844 1194 1925 cladesque
1206 1844 1280 1905 belli
1295 1866 1352 1925 po-

397 1940 596 2018 pulationibus
614 1960 750 2019 agrorum
770 1951 802 2000 et
820 1940 957 2000 villarum
975 1939 1117 2000 incendiis
1134 1938 1354 1999 circumferenti

398 2037 517 2113 majoris
529 2036 681 2116 eliquanto
693 2037 736 2095 rei
753 2035 904 2095 tentandae
924 2037 1042 2095 ooeasio
1057 2044 1129 2095 nata
1147 2044 1204 2094 est.
1245 2034 1284 2094 In
1297 2054 1355 2093 ex-

399 2138 493 2189 trema
506 2130 605 2189 ltaliae
623 2150 685 2201 ora,
707 2150 768 2209 qua
789 2130 942 2191 Orientem
962 2150 1063 2190 versus
1078 2140 1110 2188 et
1131 2129 1250 2189 Ionium
1270 2149 1357 2189 mare

238 2229 278 2340 ΙΟι
270 2226 314 2341 xib
326 2228 391 2277 Met·
402 2224 516 2283 Lacinii
529 2225 717 2303 promontorii
733 2244 824 2283 cornu
844 2223 1039 2303 protenditur,
1062 2224 1175 2284 Croton
1191 2232 1246 2294 est,
1259 2226 1356 2284 reteri

295 2368 391 2406 m
402 2317 493 2385 fama,
506 2326 612 2377 ettam
625 2337 743 2396 quoque
756 2337 814 2377 non
823 2318 998 2397 poenitendis
1009 2320 1124 2397 opibus,
1139 2319 1261 2397 inclyta„
1284 2319 1362 2378 Mea

396 2410 514 2469 .dium''
497 2430 532 2469 ιιι
545 2412 723 2491 temporibus
736 2412 923 2472 interfluebat
940 2412 1072 2483 Ειιιιιιι,
1088 2415 1180 2489 juxta
1194 2433 1284 2493 quern
1294 2414 1357 2472 ire·

403 2507 523 2585 quentia
535 2506 678 2585 utrimque
689 2506 816 2567 aedffina
827 2527 927 2566 murus
941 2507 1098 2567 duodecim
1109 2507 1203 2567 millia
1215 2527 1356 2587 passuum

403 2601 568 2660 incircuitu
585 2609 688 2680 patens
710 2603 851 2660 ambibat.
894 2600 987 2662 Hanc
1008 2610 1111 2681 aperta
1129 2601 1281 2662 obsidione
1289 2604 1356 2663 oin·

273 2724 288 2755 n
306 2724 323 2757 r.
404 2715 470 2771 gere
491 2714 549 2755 non
570 2716 658 2755 ιιιιιιι
678 2697 791 2769 consul,
811 2696 976 2775 proditione
996 2705 1206 2775 occupatunrm
1221 2696 1357 2757 conlide-

404 2791 473 2849 bat:
495 2790 575 2869 quod
596 2810 616 2849 a
636 2790 835 2871 compluribus
863 2790 1012 2851 Romanae
1032 2791 1168 2850 factionis
1187 2792 1361 2854 hominibus

403 2904 469 2963 spes
481 2885 508 2943 ei
529 2884 610 2945 facta
630 2895 703 2956 erat,
718 2906 802 2966 posse
814 2887 927 2954 urbem,
947 2884 1083 2964 pendo
1095 2894 1218 2945 externo
1229 2886 1362 2947 destitu-

403 2988 476 3048 tarn,
497 2979 600 3039 studiis
618 2988 649 3039 et
667 2980 780 3040 auxilio
799 3001 912 3050 eornm,
933 2981 1040 3058 quibua
1060 2981 1171 3059 Pyrrhi
1192 2981 1359 3043 dominatio

403 3074 499 3150 gravis
512 3094 574 3134 esse
584 3076 728 3154 coepisset,
742 3076 844 3154 recipi,
863 3077 889 3134 si
908 3074 1009 3153 copias
1020 3085 1133 3134 mature
1150 3076 1240 3135 muris
1251 3076 1357 3137 admo·

403 3170 500 3229 ιιιιιι.

444 3269 474 3321 6.
496 3262 557 3321 Sed
576 3282 627 3341 per
642 3261 762 3320 eosdem
774 3263 849 3321 sorte
862 3263 935 3332 dies,
949 3264 1010 3322 sive
1023 3273 1102 3323 rnenr
1116 3264 1228 3323 hostilis
1239 3266 1268 3323 in
1280 3268 1358 3325 vici·

405 3356 455 3415 nia
464 3356 622 3426 exercitum,
635 3356 697 3415 sira
705 3356 771 3433 jarn
784 3356 1035 3438 proditioneque
1048 3358 1220 3438 plerumque
1233 3361 1294 3437 tegi
1303 3360 1357 3420 diu

406 3468 464 3507 non
487 3458 594 3528 potest,
615 3458 761 3529 suspecta,
784 3450 990 3511 Crotonienses
1013 3453 1180 3531 proesidium
1200 3474 1220 3511 a
1239 3452 1360 3514 Milone

241 3552 399 3607 Frontstrrt.
407 3544 589 3604 acciverant:
612 3554 788 3624 veneratque
802 3545 990 3605 Nicomacho
1001 3546 1077 3607 duce
1099 3548 1284 3607 Lucanorum
1300 3570 1364 3609 rao

241 3622 325 3731 ponz·
407 3637 468 3697 lida
481 3658 594 3710 manus,
608 3658 675 3717 quae
694 3642 826 3719 ignarum
838 3642 879 3700 rei
900 3641 1049 3701 consulem
1051 3641 1212 3721 ,nulloque
1232 3644 1359 3722 periculi

406 3742 485 3793 ructu
497 3733 692 3795 confidentius
712 3734 751 3794 ad
764 3736 870 3795 moenia
882 3755 1075 3813 suggressum,
1088 3739 1238 3817 eruptione
1258 3739 1358 3797 subito

405 3827 495 3897 laeta,
505 3848 562 3888 non
576 3830 637 3889 sine
647 3829 729 3889 caede
741 3829 967 3908 vulneribusque
979 3831 1136 3891 multorum
1145 3832 1257 3909 rejecit.
1286 3831 1357 3891 Ru-

404 3921 490 3993 finus,
504 3934 657 4005 acceptum
675 3925 861 3983 temeritate²
880 3924 1086 3987 detrimentum
1100 3928 1223 3987 consilio
1241 3948 1357 3988 correc-

404 4026 496 4089 turus,
511 4039 656 4079 rumorem
669 4019 784 4078 adversi
796 4020 962 4080 certaminis
974 4020 1051 4081 ultro
1068 4021 1214 4101 adauget3
1235 4042 1364 4103 quoque·

421 4232 437 4275 2
457 4228 524 4280 Edd.
538 4229 646 4293 Argent.
659 4230 743 4281 Paria
755 4231 902 4283 Amrtetcd.
919 4234 1070 4286 remeando.
1097 4234 1185 4285 Holm.
1202 4234 1361 4286 temeritatis
