2917 4767
548 320 553 328 “
683 318 719 368 Τ.
744 318 840 367 mvn

370 463 416 521 usi
437 476 576 539 megunm
601 457 769 520 intulissent
793 458 921 530 eisdem,
944 460 998 519 nisi
1019 457 1192 519 tantundem
1214 457 1341 519 virtute

370 558 563 616 restituissent
583 553 713 614 Romani
735 555 854 625 milites,
878 565 1020 635 qusntum
1048 554 1334 633 negligentisper-
1457 574 1458 581 ¹

369 651 514 713 dideruut
557 649 635 710 Cum
653 652 734 710 euim
747 651 968 711 frumentatores
979 652 1108 711 subitum
1121 650 1215 709 hostis
1229 651 1332 729 impe-
1457 672 1458 675 ¹

369 756 432 806 tum
445 747 585 806 sustinere
598 764 657 805 nou
667 748 837 827 potuissent,
849 746 937 809 Poeni
949 746 987 805 ad
997 748 1061 826 ipss
1070 754 1166 805 cestra
1178 744 1332 804 Roma

369 850 575 922 perrexeruut:
595 840 750 922 divisoque
764 844 878 920 ugmine
892 842 1013 921 quidem
1031 840 1141 901 vellum
1156 838 1329 899 rescindere

368 939 526 1028 parebunt,
538 936 590 997 etii
602 957 670 997 cum
684 940 809 997 stutiorm
818 956 871 1017 pro
878 938 981 997 cestris
993 936 1092 996 locutu
1101 934 1236 1015 prelium
1248 954 1325 994 con·

366 1034 516 1093 serebsut.
1184 1034 1186 1040 ⁴

375 1162 379 1167 ·
408 1135 457 1190 tl.
479 1129 564 1189 Tunc
584 1130 685 1207 igitur,
706 1130 784 1189 siout
797 1127 871 1188 uliss
891 1148 980 1207 steps,
1001 1128 1117 1186 militine
1132 1127 1212 1205 leges
1227 1136 1259 1186 et
1276 1126 1324 1185 iu·-

367 1233 520 1304 corruptus
536 1223 702 1304 discipline
713 1224 792 1301 rigor
805 1243 865 1282 rem
877 1224 1036 1305 ancipitem
1050 1231 1082 1281 et
1094 1224 1187 1281 exitio
1203 1220 1323 1281 Romu-

368 1321 399 1377 ni
413 1319 560 1379 exercitus
579 1339 713 1381 casurum
726 1320 831 1378 erexit.
874 1318 967 1384 Quod
981 1318 1060 1378 enim
1081 1337 1269 1396 quecumque
1284 1316 1325 1376 ds

367 1432 457 1475 surse
476 1415 633 1475 ststioueru
652 1414 813 1475 deseruisse
828 1413 964 1494 cepitule
986 1412 1065 1493 npud
1087 1412 1243 1473 Romanos
1265 1423 1325 1481 est,

367 1510 554 1571 excubitores
566 1510 641 1570 nihil
662 1512 694 1569 in
707 1508 780 1589 iugc
792 1511 854 1589 spei
869 1510 1029 1589 repositum
1041 1528 1104 1567 esse
1118 1508 1213 1585 gnari,
1227 1526 1326 1587 quau-⁴

367 1620 458 1685 quem
471 1624 592 1665 numero
605 1606 691 1683 longe
711 1613 927 1685 superarentur,
950 1622 1078 1683 pugnem
1092 1604 1325 1682 pmseutissimis

368 1701 474 1759 animis
489 1702 662 1771 sustinuere,
672 1699 773 1761 multis
786 1699 906 1779 quidem
919 1718 1036 1761 suorum
1049 1698 1174 1768 emissis,
1187 1696 1240 1756 sed
1254 1698 1324 1756 bos·

365 1796 441 1855 tium
453 1794 615 1856 interiectis
626 1795 780 1875 pluribus:
800 1794 895 1855 donec
914 1794 1019 1853 urmuri
1037 1793 1171 1853 cohortes
1184 1791 1325 1852 loboran-

366 1890 503 1970 tibusque
516 1910 682 1951 succurrere
694 1898 862 1971 potuerunt.
900 1888 951 1949 Itu
963 1898 995 1948 et
1013 1889 1061 1948 bio
1077 1887 1154 1969 pulsi
1168 1887 1278 1956 hostes,
1292 1894 1325 1945 et

367 1986 419 2065 qui
439 1986 552 2046 nullum
571 1988 639 2064 jum
662 2006 754 2067 prope
773 1993 913 2065 ceperunt
932 1984 1139 2044 circumventi:
1160 2002 1268 2061 mugnu
1281 1981 1325 2041 ibi

367 2080 465 2142 caerles
483 2080 557 2139 luit:
579 2090 692 2139 ceteros
710 2080 749 2139 ud
771 2081 871 2139 urbem
900 2100 992 2159 usqne
1013 2078 1144 2139 Romani
1176 2078 1326 2158 persecuti

368 2184 445 2235 sunt.
488 2174 538 2233 Eu
549 2194 595 2233 res
610 2175 640 2232 in
660 2184 807 2253 posterum
828 2184 859 2234 et
880 2174 1039 2236 timidiores
1058 2172 1097 2233 ud
1111 2171 1326 2253 erumpendum

367 2269 477 2339 bootes,
498 2277 529 2327 et
557 2269 703 2328 cautiores
727 2270 883 2329 Romunos
907 2270 947 2329 ud
963 2268 1215 2329 ‘frumentundum
1241 2265 1325 2326 lecit.

368 2362 524 2423 Indecum
535 2365 651 2442 segnior
666 2384 729 2423 esse
742 2365 876 2445 coepisset
895 2366 1055 2435 contentio,
1073 2364 1255 2433 ruriusfuec
1268 2362 1325 2420 nisi

367 2457 409 2517 ud
436 2456 514 2517 levin
538 2459 699 2517 certsmins
720 2460 941 2519 excurrentibus
967 2458 1082 2529 Poenis,
1104 2456 1197 2517 diuidi
1220 2458 1325 2537 copies

367 2552 490 2632 placuit,
504 2561 537 2612 et
555 2552 672 2613 duabus
685 2555 766 2613 urbis
778 2554 920 2634 pertibus,
942 2554 1010 2615 binc
1029 2552 1068 2613 ud
1090 2551 1256 2633 AEsculupii
1277 2551 1324 2611 iu·

368 2667 450 2718 num,
465 2647 532 2707 inde
544 2648 593 2709 rie
605 2667 673 2727 quse
694 2648 877 2711 Heruclesru
897 2649 989 2718 ducit,
1003 2658 1100 2715 cnstm
1109 2648 1210 2707 stetui.
1241 2644 1326 2705 Hssc

367 2741 453 2802 louis
473 2742 620 2821 utrimque
640 2744 824 2823 permunita:
857 2763 919 2822 qus
939 2745 1041 2803 urbem
1061 2744 1247 2823 spectabunt,
1269 2741 1325 2800 ud-

368 2856 486 2898 versum
505 2838 691 2918 eruptiones:
722 2836 802 2909 loris,
826 2858 886 2917 qno
907 2838 1017 2897 tutiore
1042 2846 1146 2896 contre
1171 2838 1327 2897 inventuros

368 2940 476 3003 ment,
503 2933 617 3012 iterque
641 2932 837 2993 subsidiorum
866 2934 896 2992 in
922 2934 1023 2992 urbem
1046 2930 1326 2991 introducendorum

258 3022 264 3025 ’
372 3027 616 3108 praecluderetur:
638 3028 767 3088 medium
781 3028 855 3088 inter
868 3027 928 3088 duo
940 3038 1037 3089 cestre
1048 3027 1176 3107 spurium
1185 3026 1325 3105 frequen·

371 3123 453 3182 tibus
465 3123 607 3204 presidiis
618 3123 851 3203 stutionibusque
863 3132 977 3204 septum
991 3132 1056 3183 est.-

411 3225 461 3278 62.
483 3217 522 3277 In
534 3218 581 3277 bis
600 3218 735 3277 omuibus
755 3217 880 3278 multum
892 3218 1075 3297 juvabuntur
1095 3236 1185 3297 operu
1206 3215 1325 3277 Siculo-

219 3340 294 3392 Diod.
305 3340 359 3392 Ed,
371 3333 435 3373 rum
446 3314 497 3391 qui
509 3331 611 3371 recens
630 3313 661 3371 in
673 3311 763 3371 iidem
776 3323 935 3373 venerunt:
956 3332 1080 3393 qnorum
1095 3314 1161 3389 jem
1184 3329 1244 3371 uns
1256 3329 1326 3371 curu

206 3406 225 3454 ¹·
238 3420 309 3455 ¹¹1¹·
372 3407 649 3467 Romuuiscenturu
662 3406 949 3469 milliniuotnersnt.
990 3406 1045 3467 Ab
1059 3406 1161 3465 iisdem
1174 3422 1325 3466 commes-

205 3464 292 3535 Ροψ·
371 3512 419 3561 tus
441 3502 600 3561 Erbemum
613 3522 705 3582 usque
724 3502 979 3563 subvehebnutnr:
1002 3503 1041 3563 cb
1054 3522 1089 3562 eo
1109 3500 1249 3579 deinceps
1269 3518 1324 3579 op-

371 3596 442 3678 pido
461 3598 533 3674 (uon
548 3598 651 3658 uberet
667 3608 766 3658 sutem
780 3596 881 3677 longe)
895 3599 949 3679 ipsi
970 3598 1101 3659 Romani
1118 3616 1172 3655 sus
1184 3596 1214 3654 iu
1227 3604 1326 3655 essue

370 3693 566 3774 deportabunt
576 3712 583 3753 τ
593 3693 891 3754 itufiebututeffetim
905 3702 982 3753 esset
993 3711 1101 3771 magne
1113 3710 1209 3751 rerum
1221 3709 1325 3749 neces·

368 3790 511 3849 seriarum
523 3790 619 3871 copis.
663 3789 737 3849 Hoc
754 3790 785 3849 iu
805 3796 883 3849 stem
904 3788 943 3849 ud
964 3806 1078 3848 menses
1090 3786 1180 3847 lerme
1192 3785 1325 3864 quinque

370 3884 456 3944 bresit
468 3883 602 3945 obsidio:
624 3904 692 3944 curu
704 3885 813 3943 neutris
833 3886 943 3965 insigne
964 3884 1003 3943 sd
1023 3882 1175 3944 victorium
1191 3900 1325 3939 momen-

372 3988 435 4039 tum
450 3980 565 4062 sdeptis
578 3982 698 4061 (praeter
712 3979 791 4039 leves
802 3981 880 4039 euim
893 3979 1078 4047 velitationes
1090 3984 1235 4037 tentatum
1250 3974 1325 4035 nihil

371 4071 481 4153 lueret)
499 4097 545 4137 res
565 4075 691 4137 Punice
712 4074 855 4135 deteriore
870 4074 936 4137 loco
957 4095 1018 4136 esse
1040 4080 1198 4154 ooeperuut.
1241 4070 1327 4137 Quis
