<?xml version="1.0" encoding="UTF-8"?>
<!DOCTYPE html PUBLIC "-//W3C//DTD XHTML 1.0 Transitional//EN"
    "http://www.w3.org/TR/xhtml1/DTD/xhtml1-transitional.dtd">
<html xmlns="http://www.w3.org/1999/xhtml" xml:lang="en" lang="en">
 <head>
  <title>
</title>
<meta http-equiv="Content-Type" content="text/html;charset=utf-8" />
  <meta name='ocr-system' content='tesseract 3.04.00' />
  <meta name='ocr-capabilities' content='ocr_page ocr_carea ocr_par ocr_line ocrx_word'/>
</head>
<body>
  <div class='ocr_page' id='page_1' title='image "./tliviipatavinih00unkngoog/tliviipatavinih00unkngoog_0344.png"; bbox 0 0 2917 4767; ppageno 0'>
   <div class='ocr_carea' id='block_1_1' title="bbox 262 381 886 447">
    <p class='ocr_par' dir='ltr' id='par_1_1' title="bbox 262 381 886 447">
     <span class='ocr_line' id='line_1_1' title="bbox 262 381 886 447; baseline -0.006 -2"><span class='ocrx_word' id='word_1_1' title='bbox 262 381 348 447; x_wconf 70' lang='lat' dir='ltr'><strong>lm</strong></span> <span class='ocrx_word' id='word_1_2' title='bbox 732 395 766 444; x_wconf 89' lang='lat' dir='ltr'><strong>r.</strong></span> <span class='ocrx_word' id='word_1_3' title='bbox 793 387 886 442; x_wconf 81' lang='lat' dir='ltr'><strong>ntvu</strong></span> 
     </span>
    </p>
   </div>
   <div class='ocr_carea' id='block_1_2' title="bbox 258 535 1446 625">
    <p class='ocr_par' dir='ltr' id='par_1_2' title="bbox 258 535 1446 625">
     <span class='ocr_line' id='line_1_2' title="bbox 258 535 1446 625; baseline -0.003 -20"><span class='ocrx_word' id='word_1_4' title='bbox 258 543 420 625; x_wconf 85' lang='lat' dir='ltr'><strong>jamante</strong></span> <span class='ocrx_word' id='word_1_5' title='bbox 434 537 575 618; x_wconf 79' lang='lat' dir='ltr'><strong>Sagunti</strong></span> <span class='ocrx_word' id='word_1_6' title='bbox 592 535 774 613; x_wconf 81' lang='lat' dir='ltr'><strong>excidium,</strong></span> <span class='ocrx_word' id='word_1_7' title='bbox 796 537 1044 601; x_wconf 86' lang='lat' dir='ltr'><strong>celeberrimum</strong></span> <span class='ocrx_word' id='word_1_8' title='bbox 1068 555 1192 600; x_wconf 82' lang='lat' dir='ltr'><strong>nomon</strong></span> <span class='ocrx_word' id='word_1_9' title='bbox 1223 541 1317 600; x_wconf 72' lang='lat' dir='ltr'><strong>erat!</strong></span> <span class='ocrx_word' id='word_1_10' title='bbox 1336 543 1368 602; x_wconf 88' lang='lat' dir='ltr'><strong>et</strong></span> <span class='ocrx_word' id='word_1_11' title='bbox 1445 547 1446 552; x_wconf 77' lang='grc'>’</span> 
     </span>
    </p>
   </div>
   <div class='ocr_carea' id='block_1_3' title="bbox 257 636 1369 2732">
    <p class='ocr_par' dir='ltr' id='par_1_3' title="bbox 260 636 1369 1416">
     <span class='ocr_line' id='line_1_3' title="bbox 261 636 1368 722; baseline -0.005 -16"><span class='ocrx_word' id='word_1_12' title='bbox 261 639 457 722; x_wconf 78' lang='lat' dir='ltr'><strong>Scipionem</strong></span> <span class='ocrx_word' id='word_1_13' title='bbox 474 638 646 702; x_wconf 79' lang='lat' dir='ltr'><strong>Hannibal</strong></span> <span class='ocrx_word' id='word_1_14' title='bbox 668 657 709 701; x_wconf 84' lang='lat' dir='ltr'><strong>eo</strong></span> <span class='ocrx_word' id='word_1_15' title='bbox 724 639 811 718; x_wconf 90' lang='lat' dir='ltr'><strong>ipso,</strong></span> <span class='ocrx_word' id='word_1_16' title='bbox 832 638 927 721; x_wconf 90' lang='lat' dir='ltr'><strong>quod</strong></span> <span class='ocrx_word' id='word_1_17' title='bbox 944 636 1106 702; x_wconf 86' lang='lat' dir='ltr'><strong>adversus</strong></span> <span class='ocrx_word' id='word_1_18' title='bbox 1120 658 1156 700; x_wconf 88' lang='lat' dir='ltr'><strong>se</strong></span> <span class='ocrx_word' id='word_1_19' title='bbox 1173 639 1255 702; x_wconf 81' lang='lat' dir='ltr'><strong>dux</strong></span> <span class='ocrx_word' id='word_1_20' title='bbox 1268 643 1368 720; x_wconf 68' lang='lat' dir='ltr'><strong>petie</strong></span> 
     </span>
     <span class='ocr_line' id='line_1_4' title="bbox 261 738 1368 820; baseline -0.005 -16"><span class='ocrx_word' id='word_1_21' title='bbox 261 742 383 804; x_wconf 88' lang='lat' dir='ltr'><strong>simum</strong></span> <span class='ocrx_word' id='word_1_22' title='bbox 397 738 506 803; x_wconf 88' lang='lat' dir='ltr'><strong>lectus</strong></span> <span class='ocrx_word' id='word_1_23' title='bbox 519 746 623 813; x_wconf 89' lang='lat' dir='ltr'><strong>esset,</strong></span> <span class='ocrx_word' id='word_1_24' title='bbox 638 744 853 820; x_wconf 82' lang='lat' dir='ltr'><strong>praestantem</strong></span> <span class='ocrx_word' id='word_1_25' title='bbox 867 739 974 802; x_wconf 87' lang='lat' dir='ltr'><strong>virum</strong></span> <span class='ocrx_word' id='word_1_26' title='bbox 995 739 1163 802; x_wconf 86' lang='lat' dir='ltr'><strong>credebat.</strong></span> <span class='ocrx_word' id='word_1_27' title='bbox 1214 738 1264 800; x_wconf 89' lang='lat' dir='ltr'><strong>Et</strong></span> <span class='ocrx_word' id='word_1_28' title='bbox 1288 756 1368 800; x_wconf 74' lang='lat' dir='ltr'><strong>aux-</strong></span> 
     </span>
     <span class='ocr_line' id='line_1_5' title="bbox 263 839 1368 923; baseline -0.001 -20"><span class='ocrx_word' id='word_1_29' title='bbox 263 846 358 904; x_wconf 82' lang='lat' dir='ltr'><strong>erunt</strong></span> <span class='ocrx_word' id='word_1_30' title='bbox 372 840 459 904; x_wconf 92' lang='lat' dir='ltr'><strong>iuter</strong></span> <span class='ocrx_word' id='word_1_31' title='bbox 484 859 521 904; x_wconf 90' lang='lat' dir='ltr'><strong>se</strong></span> <span class='ocrx_word' id='word_1_32' title='bbox 542 840 745 922; x_wconf 86' lang='lat' dir='ltr'><strong>opinionem,</strong></span> <span class='ocrx_word' id='word_1_33' title='bbox 762 839 891 922; x_wconf 85' lang='lat' dir='ltr'><strong>Scipio,</strong></span> <span class='ocrx_word' id='word_1_34' title='bbox 907 839 1011 923; x_wconf 90' lang='lat' dir='ltr'><strong>quod,</strong></span> <span class='ocrx_word' id='word_1_35' title='bbox 1027 841 1160 902; x_wconf 87' lang='lat' dir='ltr'><strong>relictus</strong></span> <span class='ocrx_word' id='word_1_36' title='bbox 1176 840 1215 902; x_wconf 90' lang='lat' dir='ltr'><strong>in</strong></span> <span class='ocrx_word' id='word_1_37' title='bbox 1242 840 1368 910; x_wconf 85' lang='lat' dir='ltr'><strong>Gallia,</strong></span> 
     </span>
     <span class='ocr_line' id='line_1_6' title="bbox 263 939 1367 1021; baseline -0.004 -15"><span class='ocrx_word' id='word_1_38' title='bbox 263 942 385 1006; x_wconf 83' lang='lat' dir='ltr'><strong>obvius</strong></span> <span class='ocrx_word' id='word_1_39' title='bbox 397 939 505 1005; x_wconf 85' lang='lat' dir='ltr'><strong>suerat</strong></span> <span class='ocrx_word' id='word_1_40' title='bbox 518 942 554 1004; x_wconf 94' lang='lat' dir='ltr'><strong>in</strong></span> <span class='ocrx_word' id='word_1_41' title='bbox 570 940 704 1004; x_wconf 85' lang='lat' dir='ltr'><strong>ltaliam</strong></span> <span class='ocrx_word' id='word_1_42' title='bbox 718 947 925 1021; x_wconf 82' lang='lat' dir='ltr'><strong>transgresso</strong></span> <span class='ocrx_word' id='word_1_43' title='bbox 952 940 1137 1004; x_wconf 90' lang='lat' dir='ltr'><strong>Hannibali</strong></span> <span class='ocrx_word' id='word_1_44' title='bbox 1152 960 1161 1018; x_wconf 91' lang='lat'>;</span> <span class='ocrx_word' id='word_1_45' title='bbox 1186 941 1367 1003; x_wconf 85' lang='lat' dir='ltr'><strong>Hannibal</strong></span> 
     </span>
     <span class='ocr_line' id='line_1_7' title="bbox 262 1038 1368 1122; baseline 0 -18"><span class='ocrx_word' id='word_1_46' title='bbox 262 1045 297 1104; x_wconf 90' lang='lat' dir='ltr'><strong>et</strong></span> <span class='ocrx_word' id='word_1_47' title='bbox 307 1047 333 1079; x_wconf 84' lang='lat'><strong>¹⁸</strong></span> <span class='ocrx_word' id='word_1_48' title='bbox 354 1047 479 1105; x_wconf 86' lang='lat' dir='ltr'><strong>conatu</strong></span> <span class='ocrx_word' id='word_1_49' title='bbox 494 1048 561 1106; x_wconf 86' lang='lat' dir='ltr'><strong>tam</strong></span> <span class='ocrx_word' id='word_1_50' title='bbox 579 1039 701 1104; x_wconf 85' lang='lat' dir='ltr'><strong>audaci</strong></span> <span class='ocrx_word' id='word_1_51' title='bbox 722 1039 992 1122; x_wconf 88' lang='lat' dir='ltr'><strong>trajiciendarurn</strong></span> <span class='ocrx_word' id='word_1_52' title='bbox 1014 1038 1163 1122; x_wconf 86' lang='lat' dir='ltr'><strong>Alpium,</strong></span> <span class='ocrx_word' id='word_1_53' title='bbox 1180 1049 1221 1103; x_wconf 90' lang='lat' dir='ltr'><strong>et</strong></span> <span class='ocrx_word' id='word_1_54' title='bbox 1239 1041 1368 1104; x_wconf 77' lang='lat' dir='ltr'><strong>ellectu,</strong></span> 
     </span>
     <span class='ocr_line' id='line_1_8' title="bbox 262 1139 1369 1226; baseline -0.003 -21"><span class='ocrx_word' id='word_1_55' title='bbox 262 1141 455 1226; x_wconf 76' lang='lat' dir='ltr'><strong>occupavit</strong></span> <span class='ocrx_word' id='word_1_56' title='bbox 468 1151 577 1206; x_wconf 85' lang='lat' dir='ltr'><strong>tamen</strong></span> <span class='ocrx_word' id='word_1_57' title='bbox 598 1140 717 1222; x_wconf 89' lang='lat' dir='ltr'><strong>Scipio</strong></span> <span class='ocrx_word' id='word_1_58' title='bbox 744 1139 876 1204; x_wconf 84' lang='lat' dir='ltr'><strong>Pedum</strong></span> <span class='ocrx_word' id='word_1_59' title='bbox 897 1139 1123 1224; x_wconf 70' lang='lat' dir='ltr'><strong>trajicerent,</strong></span> <span class='ocrx_word' id='word_1_60' title='bbox 1144 1141 1188 1204; x_wconf 87' lang='lat' dir='ltr'><strong>ad</strong></span> <span class='ocrx_word' id='word_1_61' title='bbox 1207 1141 1369 1204; x_wconf 82' lang='lat' dir='ltr'><strong>Ticinum</strong></span> 
     </span>
     <span class='ocr_line' id='line_1_9' title="bbox 263 1241 1369 1322; baseline -0.005 -15"><span class='ocrx_word' id='word_1_62' title='bbox 263 1250 419 1307; x_wconf 77' lang='lat' dir='ltr'><strong>onmemy</strong></span> <span class='ocrx_word' id='word_1_63' title='bbox 439 1243 539 1306; x_wconf 90' lang='lat' dir='ltr'><strong>motis</strong></span> <span class='ocrx_word' id='word_1_64' title='bbox 552 1241 687 1318; x_wconf 84' lang='lat' dir='ltr'><strong>castris,</strong></span> <span class='ocrx_word' id='word_1_65' title='bbox 703 1241 806 1322; x_wconf 89' lang='lat' dir='ltr'><strong>prius,</strong></span> <span class='ocrx_word' id='word_1_66' title='bbox 819 1259 921 1322; x_wconf 88' lang='lat' dir='ltr'><strong>quam</strong></span> <span class='ocrx_word' id='word_1_67' title='bbox 936 1241 1092 1306; x_wconf 90' lang='lat' dir='ltr'><strong>educeret</strong></span> <span class='ocrx_word' id='word_1_68' title='bbox 1106 1243 1138 1304; x_wconf 93' lang='lat' dir='ltr'><strong>in</strong></span> <span class='ocrx_word' id='word_1_69' title='bbox 1159 1243 1291 1319; x_wconf 87' lang='lat' dir='ltr'><strong>aciem,</strong></span> <span class='ocrx_word' id='word_1_70' title='bbox 1313 1242 1369 1304; x_wconf 87' lang='lat' dir='ltr'><strong>ad·</strong></span> 
     </span>
     <span class='ocr_line' id='line_1_10' title="bbox 260 1341 1349 1416; baseline -0.003 -9"><span class='ocrx_word' id='word_1_71' title='bbox 260 1342 494 1407; x_wconf 87' lang='lat' dir='ltr'><strong>bortandomm</strong></span> <span class='ocrx_word' id='word_1_72' title='bbox 509 1341 650 1405; x_wconf 91' lang='lat' dir='ltr'><strong>militum</strong></span> <span class='ocrx_word' id='word_1_73' title='bbox 662 1359 779 1416; x_wconf 84' lang='lat' dir='ltr'><strong>cansa,</strong></span> <span class='ocrx_word' id='word_1_74' title='bbox 796 1341 896 1403; x_wconf 88' lang='lat' dir='ltr'><strong>talem</strong></span> <span class='ocrx_word' id='word_1_75' title='bbox 912 1343 1093 1404; x_wconf 85' lang='lat' dir='ltr'><strong>orationem</strong></span> <span class='ocrx_word' id='word_1_76' title='bbox 1109 1360 1260 1406; x_wconf 84' lang='lat' dir='ltr'><strong>exorsus</strong></span> <span class='ocrx_word' id='word_1_77' title='bbox 1275 1349 1349 1404; x_wconf 89' lang='lat' dir='ltr'><strong>est:</strong></span> 
     </span>
    </p>

    <p class='ocr_par' dir='ltr' id='par_1_4' title="bbox 257 1441 1369 2732">
     <span class='ocr_line' id='line_1_11' title="bbox 302 1441 1366 1525; baseline -0.002 -19"><span class='ocrx_word' id='word_1_78' title='bbox 302 1445 357 1506; x_wconf 82' lang='lat'><strong>40.</strong></span> <span class='ocrx_word' id='word_1_79' title='bbox 381 1443 442 1505; x_wconf 89' lang='lat' dir='ltr'><strong>‘Si</strong></span> <span class='ocrx_word' id='word_1_80' title='bbox 450 1458 525 1504; x_wconf 89' lang='lat' dir='ltr'><strong>enm</strong></span> <span class='ocrx_word' id='word_1_81' title='bbox 536 1443 734 1516; x_wconf 85' lang='lat' dir='ltr'><strong>exercitum,</strong></span> <span class='ocrx_word' id='word_1_82' title='bbox 746 1441 880 1515; x_wconf 89' lang='lat' dir='ltr'><strong>milites,</strong></span> <span class='ocrx_word' id='word_1_83' title='bbox 890 1441 1068 1506; x_wconf 86' lang='lat' dir='ltr'><strong>educerem</strong></span> <span class='ocrx_word' id='word_1_84' title='bbox 1082 1442 1114 1505; x_wconf 91' lang='lat' dir='ltr'><strong>in</strong></span> <span class='ocrx_word' id='word_1_85' title='bbox 1126 1445 1252 1516; x_wconf 81' lang='lat' dir='ltr'><strong>aciem,</strong></span> <span class='ocrx_word' id='word_1_86' title='bbox 1269 1463 1366 1525; x_wconf 88' lang='lat' dir='ltr'><strong>quem</strong></span> 
     </span>
     <span class='ocr_line' id='line_1_12' title="bbox 260 1540 1369 1624; baseline -0.005 -17"><span class='ocrx_word' id='word_1_87' title='bbox 260 1543 296 1607; x_wconf 94' lang='lat' dir='ltr'><strong>in</strong></span> <span class='ocrx_word' id='word_1_88' title='bbox 324 1543 437 1608; x_wconf 87' lang='lat' dir='ltr'><strong>Gallia</strong></span> <span class='ocrx_word' id='word_1_89' title='bbox 464 1560 595 1605; x_wconf 89' lang='lat' dir='ltr'><strong>mecum</strong></span> <span class='ocrx_word' id='word_1_90' title='bbox 617 1541 728 1616; x_wconf 87' lang='lat' dir='ltr'><strong>habui,</strong></span> <span class='ocrx_word' id='word_1_91' title='bbox 754 1540 1020 1623; x_wconf 80' lang='lat' dir='ltr'><strong>supersedissem</strong></span> <span class='ocrx_word' id='word_1_92' title='bbox 1046 1541 1140 1624; x_wconf 90' lang='lat' dir='ltr'><strong>loqui</strong></span> <span class='ocrx_word' id='word_1_93' title='bbox 1169 1544 1268 1624; x_wconf 90' lang='lat' dir='ltr'><strong>apud</strong></span> <span class='ocrx_word' id='word_1_94' title='bbox 1298 1562 1369 1606; x_wconf 85' lang='lat' dir='ltr'><strong>vos.</strong></span> 
     </span>
     <span class='ocr_line' id='line_1_13' title="bbox 261 1641 1366 1726; baseline 0.001 -19"><span class='ocrx_word' id='word_1_95' title='bbox 261 1642 356 1722; x_wconf 85' lang='lat' dir='ltr'><strong>Quid</strong></span> <span class='ocrx_word' id='word_1_96' title='bbox 368 1643 457 1706; x_wconf 91' lang='lat' dir='ltr'><strong>enim</strong></span> <span class='ocrx_word' id='word_1_97' title='bbox 472 1642 639 1707; x_wconf 85' lang='lat' dir='ltr'><strong>adhortari</strong></span> <span class='ocrx_word' id='word_1_98' title='bbox 653 1641 790 1705; x_wconf 82' lang='lat' dir='ltr'><strong>referret</strong></span> <span class='ocrx_word' id='word_1_99' title='bbox 801 1652 861 1706; x_wconf 84' lang='lat' dir='ltr'><strong>aut</strong></span> <span class='ocrx_word' id='word_1_100' title='bbox 876 1661 936 1706; x_wconf 87' lang='lat' dir='ltr'><strong>eos</strong></span> <span class='ocrx_word' id='word_1_101' title='bbox 947 1645 1087 1725; x_wconf 86' lang='lat' dir='ltr'><strong>equites,</strong></span> <span class='ocrx_word' id='word_1_102' title='bbox 1103 1644 1160 1725; x_wconf 90' lang='lat' dir='ltr'><strong>qui</strong></span> <span class='ocrx_word' id='word_1_103' title='bbox 1176 1646 1366 1726; x_wconf 76' lang='lat' dir='ltr'><strong>equitatum</strong></span> 
     </span>
     <span class='ocr_line' id='line_1_14' title="bbox 260 1742 1366 1825; baseline 0.001 -20"><span class='ocrx_word' id='word_1_104' title='bbox 260 1743 407 1808; x_wconf 90' lang='lat' dir='ltr'><strong>bostium</strong></span> <span class='ocrx_word' id='word_1_105' title='bbox 422 1743 465 1807; x_wconf 90' lang='lat' dir='ltr'><strong>ad</strong></span> <span class='ocrx_word' id='word_1_106' title='bbox 482 1742 685 1808; x_wconf 85' lang='lat' dir='ltr'><strong>Rhodanum</strong></span> <span class='ocrx_word' id='word_1_107' title='bbox 702 1742 826 1806; x_wconf 86' lang='lat' dir='ltr'><strong>flumen</strong></span> <span class='ocrx_word' id='word_1_108' title='bbox 845 1745 975 1825; x_wconf 81' lang='lat' dir='ltr'><strong>egregie</strong></span> <span class='ocrx_word' id='word_1_109' title='bbox 989 1747 1010 1790; x_wconf 87' lang='lat'><strong>¹³</strong></span> <span class='ocrx_word' id='word_1_110' title='bbox 1034 1745 1209 1822; x_wconf 87' lang='lat' dir='ltr'><strong>vicissent,</strong></span> <span class='ocrx_word' id='word_1_111' title='bbox 1233 1751 1296 1808; x_wconf 88' lang='lat' dir='ltr'><strong>aut</strong></span> <span class='ocrx_word' id='word_1_112' title='bbox 1310 1765 1366 1808; x_wconf 85' lang='lat' dir='ltr'><strong>eas</strong></span> 
     </span>
     <span class='ocr_line' id='line_1_15' title="bbox 259 1844 1366 1927; baseline 0 -20"><span class='ocrx_word' id='word_1_113' title='bbox 259 1845 418 1926; x_wconf 79' lang='lat' dir='ltr'><strong>legiones,</strong></span> <span class='ocrx_word' id='word_1_114' title='bbox 433 1863 509 1908; x_wconf 89' lang='lat' dir='ltr'><strong>eum</strong></span> <span class='ocrx_word' id='word_1_115' title='bbox 529 1845 653 1927; x_wconf 84' lang='lat' dir='ltr'><strong>quibus</strong></span> <span class='ocrx_word' id='word_1_116' title='bbox 668 1844 850 1924; x_wconf 85' lang='lat' dir='ltr'><strong>fugientem</strong></span> <span class='ocrx_word' id='word_1_117' title='bbox 866 1845 955 1908; x_wconf 89' lang='lat' dir='ltr'><strong>buno</strong></span> <span class='ocrx_word' id='word_1_118' title='bbox 975 1846 1088 1926; x_wconf 89' lang='lat' dir='ltr'><strong>ipsum</strong></span> <span class='ocrx_word' id='word_1_119' title='bbox 1109 1845 1248 1909; x_wconf 86' lang='lat' dir='ltr'><strong>hostem</strong></span> <span class='ocrx_word' id='word_1_120' title='bbox 1270 1865 1366 1908; x_wconf 88' lang='lat' dir='ltr'><strong>secu·</strong></span> 
     </span>
     <span class='ocr_line' id='line_1_16' title="bbox 260 1945 1365 2027; baseline -0.003 -17"><span class='ocrx_word' id='word_1_121' title='bbox 260 1952 326 2023; x_wconf 92' lang='lat' dir='ltr'><strong>tus,</strong></span> <span class='ocrx_word' id='word_1_122' title='bbox 340 1947 586 2010; x_wconf 82' lang='lat' dir='ltr'><strong>consessionem</strong></span> <span class='ocrx_word' id='word_1_123' title='bbox 607 1945 755 2010; x_wconf 89' lang='lat' dir='ltr'><strong>cedentis</strong></span> <span class='ocrx_word' id='word_1_124' title='bbox 768 1953 795 1992; x_wconf 78' lang='lat'><strong>¹4</strong></span> <span class='ocrx_word' id='word_1_125' title='bbox 816 1965 856 2010; x_wconf 89' lang='lat' dir='ltr'><strong>ae</strong></span> <span class='ocrx_word' id='word_1_126' title='bbox 877 1946 1093 2014; x_wconf 88' lang='lat' dir='ltr'><strong>detrectantis</strong></span> <span class='ocrx_word' id='word_1_127' title='bbox 1109 1951 1286 2010; x_wconf 88' lang='lat' dir='ltr'><strong>certamen</strong></span> <span class='ocrx_word' id='word_1_128' title='bbox 1308 1965 1365 2027; x_wconf 88' lang='lat' dir='ltr'><strong>pro</strong></span> 
     </span>
     <span class='ocr_line' id='line_1_17' title="bbox 260 2046 1364 2129; baseline -0.003 -18"><span class='ocrx_word' id='word_1_129' title='bbox 260 2047 540 2113; x_wconf 77' lang='lat' dir='ltr'><strong>victoriahabutt</strong></span> <span class='ocrx_word' id='word_1_130' title='bbox 564 2047 675 2123; x_wconf 92' lang='lat' dir='ltr'><strong>Nunc,</strong></span> <span class='ocrx_word' id='word_1_131' title='bbox 698 2048 777 2129; x_wconf 84' lang='lat' dir='ltr'><strong>quia</strong></span> <span class='ocrx_word' id='word_1_132' title='bbox 801 2048 857 2112; x_wconf 91' lang='lat' dir='ltr'><strong>ille</strong></span> <span class='ocrx_word' id='word_1_133' title='bbox 874 2048 1053 2121; x_wconf 86' lang='lat' dir='ltr'><strong>exercitus,</strong></span> <span class='ocrx_word' id='word_1_134' title='bbox 1072 2046 1260 2127; x_wconf 70' lang='lat' dir='ltr'><strong>Hispaniae</strong></span> <span class='ocrx_word' id='word_1_135' title='bbox 1287 2067 1364 2128; x_wconf 86' lang='lat' dir='ltr'><strong>pro·</strong></span> 
     </span>
     <span class='ocr_line' id='line_1_18' title="bbox 260 2147 1364 2230; baseline 0.002 -22"><span class='ocrx_word' id='word_1_136' title='bbox 260 2147 381 2211; x_wconf 75' lang='lat' dir='ltr'><strong>vinciae</strong></span> <span class='ocrx_word' id='word_1_137' title='bbox 396 2148 553 2230; x_wconf 91' lang='lat' dir='ltr'><strong>scriptus,</strong></span> <span class='ocrx_word' id='word_1_138' title='bbox 564 2147 610 2209; x_wconf 91' lang='lat' dir='ltr'><strong>ibi</strong></span> <span class='ocrx_word' id='word_1_139' title='bbox 628 2167 701 2211; x_wconf 88' lang='lat' dir='ltr'><strong>curn</strong></span> <span class='ocrx_word' id='word_1_140' title='bbox 717 2148 817 2210; x_wconf 82' lang='lat' dir='ltr'><strong>fratre</strong></span> <span class='ocrx_word' id='word_1_141' title='bbox 832 2147 892 2212; x_wconf 88' lang='lat' dir='ltr'><strong>Cn.</strong></span> <span class='ocrx_word' id='word_1_142' title='bbox 910 2147 1069 2228; x_wconf 85' lang='lat' dir='ltr'><strong>Scipione</strong></span> <span class='ocrx_word' id='word_1_143' title='bbox 1078 2147 1161 2208; x_wconf 84' lang='lat' dir='ltr'><strong>meis</strong></span> <span class='ocrx_word' id='word_1_144' title='bbox 1176 2149 1364 2229; x_wconf 76' lang='lat' dir='ltr'><strong>aruspiciis²</strong></span> 
     </span>
     <span class='ocr_line' id='line_1_19' title="bbox 258 2246 1363 2331; baseline 0 -21"><span class='ocrx_word' id='word_1_145' title='bbox 258 2267 327 2311; x_wconf 89' lang='lat' dir='ltr'><strong>rem</strong></span> <span class='ocrx_word' id='word_1_146' title='bbox 342 2247 435 2330; x_wconf 85' lang='lat' dir='ltr'><strong>gerit,</strong></span> <span class='ocrx_word' id='word_1_147' title='bbox 450 2248 508 2310; x_wconf 92' lang='lat' dir='ltr'><strong>ubi</strong></span> <span class='ocrx_word' id='word_1_148' title='bbox 518 2266 594 2310; x_wconf 90' lang='lat' dir='ltr'><strong>eum</strong></span> <span class='ocrx_word' id='word_1_149' title='bbox 605 2266 716 2327; x_wconf 79' lang='lat' dir='ltr'><strong>gerere</strong></span> <span class='ocrx_word' id='word_1_150' title='bbox 728 2251 865 2310; x_wconf 88' lang='lat' dir='ltr'><strong>senatus</strong></span> <span class='ocrx_word' id='word_1_151' title='bbox 881 2246 1090 2331; x_wconf 89' lang='lat' dir='ltr'><strong>populusque</strong></span> <span class='ocrx_word' id='word_1_152' title='bbox 1106 2246 1291 2320; x_wconf 82' lang='lat' dir='ltr'><strong>Romanus</strong></span> <span class='ocrx_word' id='word_1_153' title='bbox 1307 2268 1363 2310; x_wconf 82' lang='lat' dir='ltr'><strong>vo·</strong></span> 
     </span>
     <span class='ocr_line' id='line_1_20' title="bbox 258 2348 1361 2430; baseline 0.001 -19"><span class='ocrx_word' id='word_1_154' title='bbox 258 2349 341 2426; x_wconf 85' lang='lat' dir='ltr'><strong>luit;</strong></span> <span class='ocrx_word' id='word_1_155' title='bbox 376 2368 449 2430; x_wconf 85' lang='lat' dir='ltr'><strong>ego,</strong></span> <span class='ocrx_word' id='word_1_156' title='bbox 476 2355 516 2410; x_wconf 89' lang='lat' dir='ltr'><strong>ut</strong></span> <span class='ocrx_word' id='word_1_157' title='bbox 537 2348 706 2411; x_wconf 88' lang='lat' dir='ltr'><strong>consulem</strong></span> <span class='ocrx_word' id='word_1_158' title='bbox 729 2349 847 2413; x_wconf 89' lang='lat' dir='ltr'><strong>ducem</strong></span> <span class='ocrx_word' id='word_1_159' title='bbox 874 2349 1033 2412; x_wconf 86' lang='lat' dir='ltr'><strong>adversus</strong></span> <span class='ocrx_word' id='word_1_160' title='bbox 1057 2349 1293 2414; x_wconf 86' lang='lat' dir='ltr'><strong>Hannibalem</strong></span> <span class='ocrx_word' id='word_1_161' title='bbox 1323 2369 1361 2412; x_wconf 88' lang='lat' dir='ltr'><strong>ae</strong></span> 
     </span>
     <span class='ocr_line' id='line_1_21' title="bbox 259 2447 1359 2530; baseline 0.001 -20"><span class='ocrx_word' id='word_1_162' title='bbox 259 2447 386 2512; x_wconf 88' lang='lat' dir='ltr'><strong>Poenos</strong></span> <span class='ocrx_word' id='word_1_163' title='bbox 400 2448 577 2526; x_wconf 86' lang='lat' dir='ltr'><strong>haberetis,</strong></span> <span class='ocrx_word' id='word_1_164' title='bbox 592 2448 667 2530; x_wconf 92' lang='lat' dir='ltr'><strong>ipse</strong></span> <span class='ocrx_word' id='word_1_165' title='bbox 681 2468 735 2512; x_wconf 92' lang='lat' dir='ltr'><strong>me</strong></span> <span class='ocrx_word' id='word_1_166' title='bbox 750 2450 828 2512; x_wconf 88' lang='lat' dir='ltr'><strong>huic</strong></span> <span class='ocrx_word' id='word_1_167' title='bbox 845 2450 1033 2514; x_wconf 81' lang='lat' dir='ltr'><strong>voluntario</strong></span> <span class='ocrx_word' id='word_1_168' title='bbox 1049 2449 1222 2513; x_wconf 87' lang='lat' dir='ltr'><strong>certamini</strong></span> <span class='ocrx_word' id='word_1_169' title='bbox 1233 2451 1359 2515; x_wconf 90' lang='lat' dir='ltr'><strong>obtuli:</strong></span> 
     </span>
     <span class='ocr_line' id='line_1_22' title="bbox 257 2548 1360 2632; baseline 0.005 -23"><span class='ocrx_word' id='word_1_170' title='bbox 257 2566 347 2610; x_wconf 83' lang='lat' dir='ltr'><strong>novo</strong></span> <span class='ocrx_word' id='word_1_171' title='bbox 363 2548 554 2630; x_wconf 87' lang='lat' dir='ltr'><strong>imperatori</strong></span> <span class='ocrx_word' id='word_1_172' title='bbox 570 2549 659 2630; x_wconf 85' lang='lat' dir='ltr'><strong>apud</strong></span> <span class='ocrx_word' id='word_1_173' title='bbox 675 2567 784 2612; x_wconf 81' lang='lat' dir='ltr'><strong>noros</strong></span> <span class='ocrx_word' id='word_1_174' title='bbox 806 2550 927 2613; x_wconf 88' lang='lat' dir='ltr'><strong>milites</strong></span> <span class='ocrx_word' id='word_1_175' title='bbox 944 2569 1055 2632; x_wconf 86' lang='lat' dir='ltr'><strong>pauca</strong></span> <span class='ocrx_word' id='word_1_176' title='bbox 1081 2552 1183 2614; x_wconf 82' lang='lat' dir='ltr'><strong>uerba</strong></span> <span class='ocrx_word' id='word_1_177' title='bbox 1202 2551 1360 2616; x_wconf 84' lang='lat' dir='ltr'><strong>facienda</strong></span> 
     </span>
     <span class='ocr_line' id='line_1_23' title="bbox 259 2647 1359 2732; baseline 0.005 -22"><span class='ocrx_word' id='word_1_178' title='bbox 259 2654 346 2710; x_wconf 87' lang='lat' dir='ltr'><strong>sunl.</strong></span> <span class='ocrx_word' id='word_1_179' title='bbox 391 2647 448 2711; x_wconf 90' lang='lat' dir='ltr'><strong>Ne</strong></span> <span class='ocrx_word' id='word_1_180' title='bbox 468 2668 570 2729; x_wconf 90' lang='lat' dir='ltr'><strong>genus</strong></span> <span class='ocrx_word' id='word_1_181' title='bbox 585 2650 678 2727; x_wconf 91' lang='lat' dir='ltr'><strong>belli,</strong></span> <span class='ocrx_word' id='word_1_182' title='bbox 702 2669 786 2715; x_wconf 86' lang='lat' dir='ltr'><strong>neve</strong></span> <span class='ocrx_word' id='word_1_183' title='bbox 811 2651 941 2714; x_wconf 81' lang='lat' dir='ltr'><strong>hostem</strong></span> <span class='ocrx_word' id='word_1_184' title='bbox 956 2653 1139 2732; x_wconf 83' lang='lat' dir='ltr'><strong>ignoretis3</strong></span> <span class='ocrx_word' id='word_1_185' title='bbox 1161 2672 1238 2715; x_wconf 92' lang='lat' dir='ltr'><strong>cum</strong></span> <span class='ocrx_word' id='word_1_186' title='bbox 1251 2655 1295 2715; x_wconf 90' lang='lat' dir='ltr'><strong>iis</strong></span> <span class='ocrx_word' id='word_1_187' title='bbox 1311 2663 1359 2716; x_wconf 88' lang='lat' dir='ltr'><strong>est</strong></span> 
     </span>
    </p>
   </div>
   <div class='ocr_carea' id='block_1_4' title="bbox 257 2750 1444 2936">
    <p class='ocr_par' dir='ltr' id='par_1_5' title="bbox 257 2750 1444 2936">
     <span class='ocr_line' id='line_1_24' title="bbox 257 2750 1444 2840; baseline 0.003 -28"><span class='ocrx_word' id='word_1_188' title='bbox 257 2750 366 2827; x_wconf 88' lang='lat' dir='ltr'><strong>vobis,</strong></span> <span class='ocrx_word' id='word_1_189' title='bbox 379 2750 517 2828; x_wconf 74' lang='lat' dir='ltr'><strong>militen,</strong></span> <span class='ocrx_word' id='word_1_190' title='bbox 532 2752 760 2834; x_wconf 83' lang='lat' dir='ltr'><strong>pugnandum,</strong></span> <span class='ocrx_word' id='word_1_191' title='bbox 775 2772 863 2835; x_wconf 89' lang='lat' dir='ltr'><strong>quos</strong></span> <span class='ocrx_word' id='word_1_192' title='bbox 876 2759 961 2817; x_wconf 86' lang='lat' dir='ltr'><strong>terre</strong></span> <span class='ocrx_word' id='word_1_193' title='bbox 973 2754 1123 2835; x_wconf 88' lang='lat' dir='ltr'><strong>marique</strong></span> <span class='ocrx_word' id='word_1_194' title='bbox 1140 2756 1252 2835; x_wconf 86' lang='lat' dir='ltr'><strong>priore</strong></span> <span class='ocrx_word' id='word_1_195' title='bbox 1269 2754 1357 2816; x_wconf 91' lang='lat' dir='ltr'><strong>bello</strong></span> <span class='ocrx_word' id='word_1_196' title='bbox 1443 2827 1444 2840; x_wconf 10' lang='grc' dir='ltr'>χ</span> 
     </span>
     <span class='ocr_line' id='line_1_25' title="bbox 257 2847 1444 2936; baseline 0.003 -22"><span class='ocrx_word' id='word_1_197' title='bbox 257 2851 407 2915; x_wconf 86' lang='lat' dir='ltr'><strong>vicistis:</strong></span> <span class='ocrx_word' id='word_1_198' title='bbox 440 2869 461 2914; x_wconf 86' lang='lat' dir='ltr'><strong>a</strong></span> <span class='ocrx_word' id='word_1_199' title='bbox 477 2854 601 2934; x_wconf 89' lang='lat' dir='ltr'><strong>quibus</strong></span> <span class='ocrx_word' id='word_1_200' title='bbox 617 2851 816 2935; x_wconf 90' lang='lat' dir='ltr'><strong>stipendium</strong></span> <span class='ocrx_word' id='word_1_201' title='bbox 831 2873 891 2936; x_wconf 88' lang='lat' dir='ltr'><strong>per</strong></span> <span class='ocrx_word' id='word_1_202' title='bbox 906 2855 1022 2933; x_wconf 85' lang='lat' dir='ltr'><strong>viginti</strong></span> <span class='ocrx_word' id='word_1_203' title='bbox 1039 2873 1143 2916; x_wconf 84' lang='lat' dir='ltr'><strong>anuos</strong></span> <span class='ocrx_word' id='word_1_204' title='bbox 1157 2857 1320 2936; x_wconf 83' lang='lat' dir='ltr'><strong>exegistis</strong></span> <span class='ocrx_word' id='word_1_205' title='bbox 1330 2861 1358 2918; x_wconf 87' lang='lat'><strong>:¹</strong></span> <span class='ocrx_word' id='word_1_206' title='bbox 1443 2847 1444 2875; x_wconf 39' lang='lat' dir='ltr'><strong>l</strong></span> 
     </span>
    </p>
   </div>
   <div class='ocr_carea' id='block_1_5' title="bbox 716 2995 895 3018">
    <p class='ocr_par' dir='ltr' id='par_1_6' title="bbox 716 2995 895 3018">
     <span class='ocr_line' id='line_1_26' title="bbox 716 2995 895 3018; baseline 0.011 -3"><span class='ocrx_word' id='word_1_207' title='bbox 716 2999 747 3015; x_wconf 63' lang='lat' dir='ltr'><strong>u</strong></span> <span class='ocrx_word' id='word_1_208' title='bbox 750 2995 895 3018; x_wconf 57' lang='grc' dir='ltr'><strong><em>ΙΙΙΙΙΙΙΙΙ</em></strong></span> 
     </span>
    </p>
   </div>
   <div class='ocr_carea' id='block_1_6' title="bbox 254 3075 1356 3191">
    <p class='ocr_par' dir='ltr' id='par_1_7' title="bbox 254 3075 1356 3191">
     <span class='ocr_line' id='line_1_27' title="bbox 254 3075 1356 3149; baseline 0.005 -23"><span class='ocrx_word' id='word_1_209' title='bbox 254 3091 299 3139; x_wconf 73' lang='lat' dir='ltr'><strong>que</strong></span> <span class='ocrx_word' id='word_1_210' title='bbox 310 3075 376 3126; x_wconf 82' lang='lat' dir='ltr'><strong>Edd.</strong></span> <span class='ocrx_word' id='word_1_211' title='bbox 390 3091 476 3126; x_wconf 85' lang='lat' dir='ltr'><strong>omnes</strong></span> <span class='ocrx_word' id='word_1_212' title='bbox 488 3084 587 3139; x_wconf 75' lang='lat' dir='ltr'><strong>prater</strong></span> <span class='ocrx_word' id='word_1_213' title='bbox 600 3077 690 3126; x_wconf 66' lang='lat' dir='ltr'><strong>Drak!</strong></span> <span class='ocrx_word' id='word_1_214' title='bbox 707 3076 865 3126; x_wconf 72' lang='lat' dir='ltr'><strong>stratu-ra</strong></span> <span class='ocrx_word' id='word_1_215' title='bbox 881 3079 889 3106; x_wconf 91' lang='lat'>‘</span> <span class='ocrx_word' id='word_1_216' title='bbox 904 3080 936 3128; x_wconf 80' lang='lat' dir='ltr'><strong>llt</strong></span> <span class='ocrx_word' id='word_1_217' title='bbox 947 3081 1022 3131; x_wconf 74' lang='lat' dir='ltr'><strong>abest</strong></span> <span class='ocrx_word' id='word_1_218' title='bbox 1034 3081 1066 3132; x_wconf 83' lang='lat' dir='ltr'><strong>ab</strong></span> <span class='ocrx_word' id='word_1_219' title='bbox 1081 3081 1149 3132; x_wconf 83' lang='lat' dir='ltr'><strong>Edd.</strong></span> <span class='ocrx_word' id='word_1_220' title='bbox 1161 3083 1281 3135; x_wconf 83' lang='lat' dir='ltr'><strong>omuibus</strong></span> <span class='ocrx_word' id='word_1_221' title='bbox 1294 3099 1356 3149; x_wconf 64' lang='lat' dir='ltr'><strong>praa</strong></span> 
     </span>
     <span class='ocr_line' id='line_1_28' title="bbox 256 3140 516 3191; baseline 0 -1"><span class='ocrx_word' id='word_1_222' title='bbox 256 3151 296 3190; x_wconf 83' lang='lat' dir='ltr'><strong>ter</strong></span> <span class='ocrx_word' id='word_1_223' title='bbox 307 3140 401 3191; x_wconf 69' lang='lat' dir='ltr'><strong>Dran!</strong></span> <span class='ocrx_word' id='word_1_224' title='bbox 423 3142 516 3191; x_wconf 64' lang='lat' dir='ltr'><strong>Stratie.</strong></span> 
     </span>
    </p>
   </div>
   <div class='ocr_carea' id='block_1_7' title="bbox 290 3205 1443 3281">
    <p class='ocr_par' dir='ltr' id='par_1_8' title="bbox 290 3205 1443 3281">
     <span class='ocr_line' id='line_1_29' title="bbox 290 3205 1443 3281; baseline 0.007 -29"><span class='ocrx_word' id='word_1_225' title='bbox 290 3209 319 3253; x_wconf 82' lang='lat' dir='ltr'><strong>tu</strong></span> <span class='ocrx_word' id='word_1_226' title='bbox 338 3205 411 3253; x_wconf 89' lang='lat' dir='ltr'><strong>‘Pro</strong></span> <span class='ocrx_word' id='word_1_227' title='bbox 428 3207 534 3268; x_wconf 80' lang='lat' dir='ltr'><strong>egregie,</strong></span> <span class='ocrx_word' id='word_1_228' title='bbox 547 3207 612 3270; x_wconf 82' lang='lat' dir='ltr'><strong>quod</strong></span> <span class='ocrx_word' id='word_1_229' title='bbox 631 3220 646 3255; x_wconf 89' lang='lat' dir='ltr'><strong>e</strong></span> <span class='ocrx_word' id='word_1_230' title='bbox 663 3206 815 3269; x_wconf 81' lang='lat' dir='ltr'><strong>conjectura</strong></span> <span class='ocrx_word' id='word_1_231' title='bbox 829 3207 907 3255; x_wconf 75' lang='lat' dir='ltr'><strong>Valla</strong></span> <span class='ocrx_word' id='word_1_232' title='bbox 923 3209 1074 3270; x_wconf 78' lang='lat' dir='ltr'><strong>repositum,</strong></span> <span class='ocrx_word' id='word_1_233' title='bbox 1089 3209 1192 3274; x_wconf 76' lang='lat' dir='ltr'><strong>quidam</strong></span> <span class='ocrx_word' id='word_1_234' title='bbox 1204 3212 1272 3262; x_wconf 78' lang='lat' dir='ltr'><strong>Mas.</strong></span> <span class='ocrx_word' id='word_1_235' title='bbox 1284 3227 1353 3273; x_wconf 70' lang='lat' dir='ltr'><strong>tegre,</strong></span> <span class='ocrx_word' id='word_1_236' title='bbox 1442 3205 1443 3281; x_wconf 63' lang='lat' dir='ltr'><strong>l</strong></span> 
     </span>
    </p>
   </div>
   <div class='ocr_carea' id='block_1_8' title="bbox 255 3269 1356 3400">
    <p class='ocr_par' dir='ltr' id='par_1_9' title="bbox 255 3269 1356 3400">
     <span class='ocr_line' id='line_1_30' title="bbox 256 3269 1354 3333; baseline 0.005 -17"><span class='ocrx_word' id='word_1_237' title='bbox 256 3276 284 3317; x_wconf 85' lang='lat' dir='ltr'><strong>et</strong></span> <span class='ocrx_word' id='word_1_238' title='bbox 303 3269 387 3317; x_wconf 76' lang='lat' dir='ltr'><strong>Pelet.</strong></span> <span class='ocrx_word' id='word_1_239' title='bbox 403 3279 459 3331; x_wconf 89' lang='lat' dir='ltr'><strong>opt.</strong></span> <span class='ocrx_word' id='word_1_240' title='bbox 478 3285 525 3318; x_wconf 74' lang='lat' dir='ltr'><strong>noa</strong></span> <span class='ocrx_word' id='word_1_241' title='bbox 541 3287 614 3333; x_wconf 74' lang='lat' dir='ltr'><strong>tegre,</strong></span> <span class='ocrx_word' id='word_1_242' title='bbox 631 3271 699 3333; x_wconf 87' lang='lat' dir='ltr'><strong>quod</strong></span> <span class='ocrx_word' id='word_1_243' title='bbox 717 3271 809 3328; x_wconf 82' lang='lat' dir='ltr'><strong>probat</strong></span> <span class='ocrx_word' id='word_1_244' title='bbox 826 3269 906 3320; x_wconf 85' lang='lat' dir='ltr'><strong>Gron.</strong></span> <span class='ocrx_word' id='word_1_245' title='bbox 920 3272 951 3320; x_wconf 82' lang='lat' dir='ltr'><strong>nd</strong></span> <span class='ocrx_word' id='word_1_246' title='bbox 966 3283 1070 3321; x_wconf 79' lang='lat' dir='ltr'><strong>xxxur.</strong></span> <span class='ocrx_word' id='word_1_247' title='bbox 1082 3279 1106 3322; x_wconf 81' lang='grc' dir='ltr'><strong>θ.</strong></span> <span class='ocrx_word' id='word_1_248' title='bbox 1119 3283 1148 3323; x_wconf 92' lang='lat' dir='ltr'><strong>ut</strong></span> <span class='ocrx_word' id='word_1_249' title='bbox 1160 3277 1195 3325; x_wconf 86' lang='lat' dir='ltr'><strong>sit</strong></span> <span class='ocrx_word' id='word_1_250' title='bbox 1206 3274 1295 3332; x_wconf 77' lang='lat' dir='ltr'><strong>facile,</strong></span> <span class='ocrx_word' id='word_1_251' title='bbox 1307 3290 1354 3324; x_wconf 82' lang='lat' dir='ltr'><strong>nou</strong></span> 
     </span>
     <span class='ocr_line' id='line_1_31' title="bbox 255 3335 1356 3400; baseline 0.005 -19"><span class='ocrx_word' id='word_1_252' title='bbox 255 3347 348 3396; x_wconf 82' lang='lat' dir='ltr'><strong>magno</strong></span> <span class='ocrx_word' id='word_1_253' title='bbox 366 3335 515 3383; x_wconf 85' lang='lat' dir='ltr'><strong>molimento</strong></span> <span class='ocrx_word' id='word_1_254' title='bbox 532 3343 559 3383; x_wconf 88' lang='lat' dir='ltr'><strong>et</strong></span> <span class='ocrx_word' id='word_1_255' title='bbox 577 3335 683 3383; x_wconf 61' lang='lat' dir='ltr'><strong>labore!</strong></span> <span class='ocrx_word' id='word_1_256' title='bbox 706 3335 808 3396; x_wconf 84' lang='lat' dir='ltr'><strong>Rupert.</strong></span> <span class='ocrx_word' id='word_1_257' title='bbox 843 3335 966 3384; x_wconf 88' lang='lat' dir='ltr'><strong>Nonnulli</strong></span> <span class='ocrx_word' id='word_1_258' title='bbox 984 3337 1048 3385; x_wconf 79' lang='lat' dir='ltr'><strong>Mn.</strong></span> <span class='ocrx_word' id='word_1_259' title='bbox 1062 3341 1186 3388; x_wconf 80' lang='lat' dir='ltr'><strong>audacter.</strong></span> <span class='ocrx_word' id='word_1_260' title='bbox 1220 3341 1278 3390; x_wconf 85' lang='lat' dir='ltr'><strong>Non</strong></span> <span class='ocrx_word' id='word_1_261' title='bbox 1294 3355 1356 3400; x_wconf 76' lang='lat' dir='ltr'><strong>agre</strong></span> 
     </span>
    </p>
   </div>
   <div class='ocr_carea' id='block_1_9' title="bbox 753 3445 860 3496">
    <p class='ocr_par' dir='ltr' id='par_1_10' title="bbox 753 3445 860 3496">
     <span class='ocr_line' id='line_1_32' title="bbox 753 3445 860 3496; baseline -0.019 0"><span class='ocrx_word' id='word_1_262' title='bbox 753 3445 860 3496; x_wconf 81' lang='lat' dir='ltr'>NOTAE</span> 
     </span>
    </p>
   </div>
   <div class='ocr_carea' id='block_1_10' title="bbox 253 3537 1352 3987">
    <p class='ocr_par' dir='ltr' id='par_1_11' title="bbox 253 3537 1352 3987">
     <span class='ocr_line' id='line_1_33' title="bbox 287 3537 1352 3607; baseline 0.009 -21"><span class='ocrx_word' id='word_1_263' title='bbox 287 3547 299 3581; x_wconf 77' lang='lat' dir='ltr'><strong>t</strong></span> <span class='ocrx_word' id='word_1_264' title='bbox 314 3537 355 3587; x_wconf 78' lang='lat' dir='ltr'><strong>Ad</strong></span> <span class='ocrx_word' id='word_1_265' title='bbox 365 3538 579 3605; x_wconf 63' lang='lat' dir='ltr'><strong>rennuentem]</strong></span> <span class='ocrx_word' id='word_1_266' title='bbox 589 3541 786 3591; x_wconf 80' lang='lat' dir='ltr'><strong>Ticinusoritur</strong></span> <span class='ocrx_word' id='word_1_267' title='bbox 858 3551 867 3574; x_wconf 88' lang='lat'>¹</span> <span class='ocrx_word' id='word_1_268' title='bbox 884 3543 948 3592; x_wconf 81' lang='lat' dir='ltr'><strong>Meis</strong></span> <span class='ocrx_word' id='word_1_269' title='bbox 960 3545 1085 3607; x_wconf 75' lang='lat' dir='ltr'><strong>comiciis]</strong></span> <span class='ocrx_word' id='word_1_270' title='bbox 1106 3547 1202 3596; x_wconf 86' lang='lat' dir='ltr'><strong>Publio</strong></span> <span class='ocrx_word' id='word_1_271' title='bbox 1218 3549 1287 3597; x_wconf 83' lang='lat' dir='ltr'><strong>enim</strong></span> <span class='ocrx_word' id='word_1_272' title='bbox 1303 3549 1352 3598; x_wconf 82' lang='lat' dir='ltr'><strong>Sci·</strong></span> 
     </span>
     <span class='ocr_line' id='line_1_34' title="bbox 253 3612 1352 3688; baseline 0.011 -28"><span class='ocrx_word' id='word_1_273' title='bbox 253 3612 281 3660; x_wconf 90' lang='lat' dir='ltr'><strong>in</strong></span> <span class='ocrx_word' id='word_1_274' title='bbox 293 3612 386 3662; x_wconf 82' lang='lat' dir='ltr'><strong>finibus</strong></span> <span class='ocrx_word' id='word_1_275' title='bbox 398 3615 785 3676; x_wconf 78' lang='lat' dir='ltr'><strong>Lepontiornmexmmmotll.</strong></span> <span class='ocrx_word' id='word_1_276' title='bbox 826 3618 898 3680; x_wconf 88' lang='lat' dir='ltr'><strong>pioni</strong></span> <span class='ocrx_word' id='word_1_277' title='bbox 922 3621 1017 3668; x_wconf 83' lang='lat' dir='ltr'><strong>consuli</strong></span> <span class='ocrx_word' id='word_1_278' title='bbox 1040 3622 1115 3684; x_wconf 79' lang='lat' dir='ltr'><strong>trujm</strong></span> <span class='ocrx_word' id='word_1_279' title='bbox 1137 3623 1207 3678; x_wconf 84' lang='lat' dir='ltr'><strong>nuni,</strong></span> <span class='ocrx_word' id='word_1_280' title='bbox 1225 3639 1301 3688; x_wconf 87' lang='lat' dir='ltr'><strong>quem</strong></span> <span class='ocrx_word' id='word_1_281' title='bbox 1319 3626 1352 3672; x_wconf 88' lang='lat' dir='ltr'><strong>lo·</strong></span> 
     </span>
     <span class='ocr_line' id='line_1_35' title="bbox 254 3688 1352 3760; baseline 0.015 -30"><span class='ocrx_word' id='word_1_282' title='bbox 254 3688 636 3752; x_wconf 69' lang='lat' dir='ltr'><strong>pinmjngo‚inrer1’ennin„</strong></span> <span class='ocrx_word' id='word_1_283' title='bbox 652 3696 785 3746; x_wconf 56' lang='lat' dir='ltr'><strong>effluat.</strong></span> <span class='ocrx_word' id='word_1_284' title='bbox 826 3701 946 3757; x_wconf 85' lang='lat' dir='ltr'><strong>quentenr</strong></span> <span class='ocrx_word' id='word_1_285' title='bbox 974 3693 1075 3744; x_wconf 83' lang='lat' dir='ltr'><strong>inducit</strong></span> <span class='ocrx_word' id='word_1_286' title='bbox 1103 3697 1198 3752; x_wconf 77' lang='lat' dir='ltr'><strong>Livius,</strong></span> <span class='ocrx_word' id='word_1_287' title='bbox 1223 3701 1352 3760; x_wconf 77' lang='lat' dir='ltr'><strong>provincie</strong></span> 
     </span>
     <span class='ocr_line' id='line_1_36' title="bbox 253 3763 1350 3837; baseline 0.008 -26"><span class='ocrx_word' id='word_1_288' title='bbox 253 3777 298 3812; x_wconf 81' lang='lat' dir='ltr'><strong>eas</strong></span> <span class='ocrx_word' id='word_1_289' title='bbox 313 3763 404 3827; x_wconf 79' lang='lat' dir='ltr'><strong>Alpes,</strong></span> <span class='ocrx_word' id='word_1_290' title='bbox 415 3764 460 3813; x_wconf 88' lang='lat' dir='ltr'><strong>ubi</strong></span> <span class='ocrx_word' id='word_1_291' title='bbox 474 3779 557 3829; x_wconf 80' lang='lat' dir='ltr'><strong>mous,</strong></span> <span class='ocrx_word' id='word_1_292' title='bbox 568 3769 612 3832; x_wconf 86' lang='lat' dir='ltr'><strong>qui</strong></span> <span class='ocrx_word' id='word_1_293' title='bbox 628 3771 703 3834; x_wconf 80' lang='lat' dir='ltr'><strong>vulgo</strong></span> <span class='ocrx_word' id='word_1_294' title='bbox 714 3771 785 3820; x_wconf 79' lang='lat' dir='ltr'><strong>Sniut</strong></span> <span class='ocrx_word' id='word_1_295' title='bbox 826 3767 953 3830; x_wconf 77' lang='lat' dir='ltr'><strong>Hispania</strong></span> <span class='ocrx_word' id='word_1_296' title='bbox 976 3779 1109 3832; x_wconf 73' lang='lat' dir='ltr'><strong>euenerat,</strong></span> <span class='ocrx_word' id='word_1_297' title='bbox 1131 3787 1210 3836; x_wconf 74' lang='lat' dir='ltr'><strong>snpra</strong></span> <span class='ocrx_word' id='word_1_298' title='bbox 1234 3789 1293 3837; x_wconf 80' lang='lat' dir='ltr'><strong>cap.</strong></span> <span class='ocrx_word' id='word_1_299' title='bbox 1316 3779 1350 3822; x_wconf 85' lang='lat' dir='ltr'><strong>u.</strong></span> 
     </span>
     <span class='ocr_line' id='line_1_37' title="bbox 257 3838 1351 3912; baseline 0.006 -26"><span class='ocrx_word' id='word_1_300' title='bbox 257 3838 360 3896; x_wconf 82' lang='lat' dir='ltr'><strong>Gntnrd,</strong></span> <span class='ocrx_word' id='word_1_301' title='bbox 370 3840 447 3902; x_wconf 83' lang='lat' dir='ltr'><strong>juxta</strong></span> <span class='ocrx_word' id='word_1_302' title='bbox 461 3839 547 3891; x_wconf 83' lang='lat' dir='ltr'><strong>fontes</strong></span> <span class='ocrx_word' id='word_1_303' title='bbox 559 3843 656 3901; x_wconf 77' lang='lat' dir='ltr'><strong>Arulae,</strong></span> <span class='ocrx_word' id='word_1_304' title='bbox 667 3859 716 3894; x_wconf 83' lang='lat' dir='ltr'><strong>nec</strong></span> <span class='ocrx_word' id='word_1_305' title='bbox 726 3860 785 3908; x_wconf 86' lang='lat' dir='ltr'><strong>pro·</strong></span> <span class='ocrx_word' id='word_1_306' title='bbox 825 3842 920 3892; x_wconf 81' lang='lat' dir='ltr'><strong>cneius</strong></span> <span class='ocrx_word' id='word_1_307' title='bbox 932 3843 1014 3893; x_wconf 82' lang='lat' dir='ltr'><strong>irater</strong></span> <span class='ocrx_word' id='word_1_308' title='bbox 1025 3853 1145 3909; x_wconf 82' lang='lat' dir='ltr'><strong>tunquam</strong></span> <span class='ocrx_word' id='word_1_309' title='bbox 1161 3839 1261 3910; x_wconf 80' lang='lat' dir='ltr'><strong>legatus</strong></span> <span class='ocrx_word' id='word_1_310' title='bbox 1277 3851 1351 3912; x_wconf 85' lang='lat' dir='ltr'><strong>ipsius</strong></span> 
     </span>
     <span class='ocr_line' id='line_1_38' title="bbox 255 3909 1330 3987; baseline 0.006 -25"><span class='ocrx_word' id='word_1_311' title='bbox 255 3916 297 3962; x_wconf 84' lang='lat' dir='ltr'><strong>ent</strong></span> <span class='ocrx_word' id='word_1_312' title='bbox 315 3915 396 3964; x_wconf 80' lang='lat' dir='ltr'><strong>libeni</strong></span> <span class='ocrx_word' id='word_1_313' title='bbox 414 3913 539 3966; x_wconf 81' lang='lat' dir='ltr'><strong>fontlbus.</strong></span> <span class='ocrx_word' id='word_1_314' title='bbox 579 3918 653 3968; x_wconf 86' lang='lat' dir='ltr'><strong>Idem</strong></span> <span class='ocrx_word' id='word_1_315' title='bbox 672 3921 785 3982; x_wconf 76' lang='lat' dir='ltr'><strong>trejecto</strong></span> <span class='ocrx_word' id='word_1_316' title='bbox 824 3919 850 3968; x_wconf 90' lang='lat' dir='ltr'><strong>iu</strong></span> <span class='ocrx_word' id='word_1_317' title='bbox 862 3933 895 3966; x_wconf 77' lang='lat' dir='ltr'><strong>ee</strong></span> <span class='ocrx_word' id='word_1_318' title='bbox 906 3909 1001 3969; x_wconf 78' lang='lat' dir='ltr'><strong>b&#39;ellunr</strong></span> <span class='ocrx_word' id='word_1_319' title='bbox 1013 3927 1132 3982; x_wconf 85' lang='lat' dir='ltr'><strong>gesturus</strong></span> <span class='ocrx_word' id='word_1_320' title='bbox 1143 3931 1278 3987; x_wconf 76' lang='lat' dir='ltr'><strong>erat,cep.</strong></span> <span class='ocrx_word' id='word_1_321' title='bbox 1291 3927 1330 3972; x_wconf 71' lang='lat'><strong>³2.</strong></span> 
     </span>
    </p>
   </div>
   <div class='ocr_carea' id='block_1_11' title="bbox 254 3988 1440 4060">
    <p class='ocr_par' dir='ltr' id='par_1_12' title="bbox 254 3988 1440 4060">
     <span class='ocr_line' id='line_1_39' title="bbox 254 3988 1440 4060; baseline 0.009 -24"><span class='ocrx_word' id='word_1_322' title='bbox 254 3988 378 4039; x_wconf 77' lang='lat' dir='ltr'><strong>Verbuuo</strong></span> <span class='ocrx_word' id='word_1_323' title='bbox 393 3992 462 4051; x_wconf 79' lang='lat' dir='ltr'><strong>lacu,</strong></span> <span class='ocrx_word' id='word_1_324' title='bbox 478 3992 553 4041; x_wconf 84' lang='lat' dir='ltr'><strong>bodie</strong></span> <span class='ocrx_word' id='word_1_325' title='bbox 570 3995 638 4055; x_wconf 78' lang='lat' dir='ltr'><strong>Lege</strong></span> <span class='ocrx_word' id='word_1_326' title='bbox 654 3997 785 4058; x_wconf 81' lang='lat' dir='ltr'><strong>raeggiare,</strong></span> <span class='ocrx_word' id='word_1_327' title='bbox 859 3993 1350 4060; x_wconf 71' lang='lat' dir='ltr'><strong>*Aquibnsuipeudiumpereigiutim-</strong></span> <span class='ocrx_word' id='word_1_328' title='bbox 1439 4013 1440 4040; x_wconf 64' lang='lat' dir='ltr'><strong>t</strong></span> 
     </span>
    </p>
   </div>
   <div class='ocr_carea' id='block_1_12' title="bbox 254 4064 1350 4287">
    <p class='ocr_par' dir='ltr' id='par_1_13' title="bbox 254 4064 1350 4287">
     <span class='ocr_line' id='line_1_40' title="bbox 255 4064 1350 4131; baseline 0.006 -20"><span class='ocrx_word' id='word_1_329' title='bbox 255 4064 281 4111; x_wconf 89' lang='lat' dir='ltr'><strong>in</strong></span> <span class='ocrx_word' id='word_1_330' title='bbox 293 4064 395 4114; x_wconf 80' lang='lat' dir='ltr'><strong>Pedum</strong></span> <span class='ocrx_word' id='word_1_331' title='bbox 406 4065 489 4116; x_wconf 81' lang='lat' dir='ltr'><strong>effluit</strong></span> <span class='ocrx_word' id='word_1_332' title='bbox 500 4069 548 4118; x_wconf 81' lang='lat' dir='ltr'><strong>sub</strong></span> <span class='ocrx_word' id='word_1_333' title='bbox 558 4069 650 4120; x_wconf 78' lang='lat' dir='ltr'><strong>&#39;ricino</strong></span> <span class='ocrx_word' id='word_1_334' title='bbox 661 4071 724 4119; x_wconf 84' lang='lat' dir='ltr'><strong>urbe</strong></span> <span class='ocrx_word' id='word_1_335' title='bbox 741 4072 784 4119; x_wconf 89' lang='lat' dir='ltr'><strong>In·</strong></span> <span class='ocrx_word' id='word_1_336' title='bbox 825 4084 867 4118; x_wconf 81' lang='lat' dir='ltr'><strong>uos</strong></span> <span class='ocrx_word' id='word_1_337' title='bbox 879 4069 1006 4131; x_wconf 75' lang='lat' dir='ltr'><strong>exegistis]</strong></span> <span class='ocrx_word' id='word_1_338' title='bbox 1026 4071 1056 4118; x_wconf 88' lang='lat' dir='ltr'><strong>Id</strong></span> <span class='ocrx_word' id='word_1_339' title='bbox 1074 4068 1171 4119; x_wconf 82' lang='lat' dir='ltr'><strong>ioedere</strong></span> <span class='ocrx_word' id='word_1_340' title='bbox 1185 4073 1282 4122; x_wconf 79' lang='lat' dir='ltr'><strong>Lutatii</strong></span> <span class='ocrx_word' id='word_1_341' title='bbox 1295 4088 1350 4122; x_wconf 83' lang='lat' dir='ltr'><strong>cru·</strong></span> 
     </span>
     <span class='ocr_line' id='line_1_41' title="bbox 254 4137 1349 4209; baseline 0.007 -23"><span class='ocrx_word' id='word_1_342' title='bbox 254 4137 371 4204; x_wconf 73' lang='lat' dir='ltr'><strong>nubtum,</strong></span> <span class='ocrx_word' id='word_1_343' title='bbox 383 4156 441 4207; x_wconf 74' lang='lat' dir='ltr'><strong>qun</strong></span> <span class='ocrx_word' id='word_1_344' title='bbox 457 4142 534 4194; x_wconf 83' lang='lat' dir='ltr'><strong>bodie</strong></span> <span class='ocrx_word' id='word_1_345' title='bbox 551 4145 641 4196; x_wconf 78' lang='lat' dir='ltr'><strong>Ponte:</strong></span> <span class='ocrx_word' id='word_1_346' title='bbox 659 4143 786 4198; x_wconf 81' lang='lat' dir='ltr'><strong>tluriusle</strong></span> <span class='ocrx_word' id='word_1_347' title='bbox 826 4153 880 4195; x_wconf 85' lang='lat' dir='ltr'><strong>turn</strong></span> <span class='ocrx_word' id='word_1_348' title='bbox 892 4146 994 4194; x_wconf 70' lang='lat' dir='ltr'><strong>fureret:</strong></span> <span class='ocrx_word' id='word_1_349' title='bbox 1013 4159 1064 4209; x_wconf 89' lang='lat' dir='ltr'><strong>quo</strong></span> <span class='ocrx_word' id='word_1_350' title='bbox 1077 4160 1127 4208; x_wconf 83' lang='lat' dir='ltr'><strong>pax</strong></span> <span class='ocrx_word' id='word_1_351' title='bbox 1139 4159 1169 4194; x_wconf 79' lang='lat' dir='ltr'><strong>ea</strong></span> <span class='ocrx_word' id='word_1_352' title='bbox 1179 4147 1238 4208; x_wconf 76' lang='lat' dir='ltr'><strong>lege</strong></span> <span class='ocrx_word' id='word_1_353' title='bbox 1251 4148 1349 4198; x_wconf 78' lang='lat' dir='ltr'><strong>Cautu-</strong></span> 
     </span>
     <span class='ocr_line' id='line_1_42' title="bbox 258 4213 1301 4287; baseline 0.012 -25"><span class='ocrx_word' id='word_1_354' title='bbox 258 4213 338 4263; x_wconf 77' lang='lat' dir='ltr'><strong>Teeiu.</strong></span> <span class='ocrx_word' id='word_1_355' title='bbox 827 4223 983 4285; x_wconf 81' lang='lat' dir='ltr'><strong>giniensibus</strong></span> <span class='ocrx_word' id='word_1_356' title='bbox 995 4225 1066 4287; x_wconf 78' lang='lat' dir='ltr'><strong>datu,</strong></span> <span class='ocrx_word' id='word_1_357' title='bbox 1079 4237 1145 4274; x_wconf 77' lang='lat' dir='ltr'><strong>euno</strong></span> <span class='ocrx_word' id='word_1_358' title='bbox 1155 4225 1189 4274; x_wconf 86' lang='lat' dir='ltr'><strong>ll.</strong></span> <span class='ocrx_word' id='word_1_359' title='bbox 1201 4225 1231 4276; x_wconf 88' lang='lat' dir='ltr'><strong>C.</strong></span> <span class='ocrx_word' id='word_1_360' title='bbox 1241 4229 1301 4276; x_wconf 74' lang='lat'>512.</span> 
     </span>
    </p>
   </div>
   <div class='ocr_carea' id='block_1_13' title="bbox 0 0 1464 4767">
    <p class='ocr_par' dir='ltr' id='par_1_14' title="bbox 0 0 1464 4767">
     <span class='ocr_line' id='line_1_43' title="bbox 0 0 1464 4767; baseline 0 3"><span class='ocrx_word' id='word_1_361' title='bbox 0 0 1464 4767; x_wconf 95' lang='lat' dir='ltr'><strong> </strong></span> 
     </span>
    </p>
   </div>
  </div>
 </body>
</html>
