2917 4767
409 376 512 429 LIBRI
537 376 624 429 XIX·
647 374 971 431 SUPPLBMEN'PUM.

105 514 176 575 dam
188 518 296 577 bonoe
322 538 361 578 se
380 523 560 601 propinquos
584 522 719 602 probant,
744 523 797 581 rix
817 522 889 583 satis
907 532 1024 592 cavent,
1046 544 1084 582 ne

107 611 178 671 mali
190 612 283 673 cives
309 615 495 675 habeantur.
538 616 580 676 Et
600 628 698 677 mmen
716 616 873 676 intercedit
894 636 990 689 nemo,
1013 619 1086 697 quin

107 708 241 787 ipsorum
255 710 416 771 arbitratu
429 712 635 782 misereamini,
654 714 679 771 si
698 710 1016 791 cujusquam'restrum
1034 713 1090 773 ilia

108 804 232 862 miserta
246 813 312 865 est.
363 806 417 865 Sin
432 826 501 867 vero
519 808 584 867 aiiis
596 808 760 878 interitum,
779 807 845 867 aliis
863 808 976 867 iuetnm
995 817 1027 867 et
1042 828 1090 868 or·

108 899 250 970 bitetten,
267 904 421 962 omnibus
433 903 644 974 calamitatem,
659 902 787 972 eisdem,
802 903 1091 983 pestem-imprecata

109 1004 172 1062 est;
196 1002 268 1054 tam
291 996 404 1077 inepta
422 998 643 1058 mansuetudine
657 1000 813 1077 quisquam
826 998 891 1069 erit,
909 1006 944 1057 ut
961 1000 1090 1057 animum

109 1100 172 1149 tarn
185 1092 358 1164 hostilem,
372 1104 434 1154 tam
449 1094 607 1165 insensum,
628 1104 689 1154 tem
708 1096 910 1162 inhumanum,
924 1094 988 1153 ulia
1005 1096 1090 1153 mise·

112 1186 246 1246 ricordia
269 1188 403 1267 dignum
423 1190 592 1249 existimet?
621 1188 730 1269 Nuper
749 1208 817 1248 cum
841 1190 934 1247 instro
956 1188 1092 1248 confecto

112 1280 227 1340 civium
238 1304 406 1343 numerum
415 1304 549 1343 censores
557 1284 726 1354 edidissent,
738 1286 789 1363 qni
798 1286 923 1361 gemitus
929 1284 1090 1351 bominum,

116 1386 235 1454 quanta
258 1380 411 1439 moestitia
432 1378 508 1438 fuit?
529 1400 699 1459 quanquam
714 1379 809 1439 molta
822 1400 958 1459 prospere
971 1400 1023 1459 per
1038 1398 1090 1438 an·

117 1490 171 1529 nos
185 1472 265 1532 istos
279 1482 459 1544 evenerant,
472 1476 524 1534 rix
537 1486 637 1534 tamen
652 1476 737 1534 bonis
745 1476 816 1534 viris
833 1475 904 1533 satis
916 1474 1000 1533 saiva
1009 1473 1092 1533 vide-

118 1566 210 1625 batur
238 1570 429 1650 respublica,
455 1590 522 1648 quae
552 1572 647 1628 minus
674 1588 750 1628 nunc
776 1570 885 1628 civium
915 1579 1092 1640 numeraret,

120 1680 214 1740 quam
228 1666 391 1744 superiore
413 1664 503 1723 instro
526 1665 686 1724 habuisset.
729 1664 777 1723 At
789 1665 853 1724 boc
865 1663 983 1723 iliorum
992 1667 1093 1741 jactu·

124 1774 159 1815 ra
179 1759 236 1837 qui
259 1760 379 1838 periere
401 1760 474 1817 nihii
492 1768 643 1819 movetur:
666 1761 722 1818 hoc
735 1758 828 1828 dolet,
848 1759 928 1838 qnod
940 1758 1093 1837 aiiqaisu·

124 1850 327 1930 perfuerunt:
350 1854 469 1913 nirnism
492 1854 600 1913 Rome
623 1856 740 1913 turbam
760 1874 822 1912 esse
848 1854 996 1933 queritur:
1017 1855 1095 1913 reri·

127 1947 244 2007 viscere
258 1956 350 2029 optat
370 1968 437 2007 eum
451 1950 544 2029 ipsum
567 1950 653 2025 cujus
677 1949 805 2007 maxime
824 1950 916 2028 culpa
940 1950 1096 2027 superioris

126 2060 236 2102 census
249 2045 383 2103 rationes
396 2043 560 2103 decrevere.

171 2144 225 2197 45.
251 2138 340 2200 ‘Sed
356 2140 421 2219 ipsa
442 2138 562 2218 quidem
575 2138 681 2198 mulier
702 2138 824 2215 indigna
836 2146 882 2196 est
897 2136 1097 2197 misericordia

132 2242 255 2294 restra:
277 2242 420 2303 ceterum,
434 2234 543 2311 siquid
559 2234 705 2314 peccavit,
727 2234 889 2311 majoribus
900 2234 964 2309 ejus
977 2242 1008 2292 et
1019 2234 1096 2313 patri

136 2328 357 2389 condonabitis.
401 2332 475 2391 Hoc
494 2330 581 2406 igitur
599 2332 652 2407 jus
676 2330 705 2386 in
723 2328 845 2387 civitate
866 2336 967 2387 nostra
985 2337 1095 2389 statue-

19 2474 20 2477 ,
135 2440 211 2493 mos,
229 2432 278 2494 nt,
300 2424 325 2483 si
346 2424 412 2503 quis
432 2425 536 2503 patris
558 2444 677 2501 quoquo
698 2422 787 2482 modo
806 2422 950 2503 profuisse
968 2422 1095 2494 dicatur,

139 2518 204 2595 ejas
217 2520 331 2599 posteri
344 2521 454 2599 possint
466 2518 590 2578 eandem
603 2518 684 2579 iliam
698 2520 823 2598 petriam
835 2520 953 2599 impune
966 2519 1094 2579 lederet

142 2611 272 2675 Minime
286 2614 420 2695 proiecto
432 2615 474 2675 sic
493 2632 607 2673 sensere
620 2616 748 2693 majores
759 2614 860 2684 nostri,
873 2616 925 2693 qui
940 2614 986 2673 M.
1002 2614 1093 2674 Mau-

141 2706 215 2770 lium
228 2710 269 2771 ds
281 2730 357 2769 saxo
368 2710 551 2789 dejecerunt,
572 2728 640 2771 cum
661 2708 857 2788 Capitolium,
878 2707 1012 2767 ultimam
1031 2720 1094 2769 mm

20 2866 21 2872 ,
145 2822 228 2883 mem
241 2806 376 2866 Romani
389 2806 513 2883 generis,
527 2824 585 2863 non
596 2814 680 2884 pater
693 2805 794 2883 ipsius,
808 2814 860 2862 aut
871 2822 955 2873 arus,
965 2812 1018 2862 aut
1028 2824 1096 2883 pra·

21 2882 23 2904 ἶ
146 2902 310 2977 genitorum
336 2900 454 2980 aliquis,
477 2900 529 2959 sed
552 2900 615 2979 ipse
635 2900 819 2958 servavisset.
869 2896 943 2957 Non
969 2898 1098 2959 debebat

20 3061 21 3064 Ἴ
147 2995 266 3073 quidem
281 2994 392 3075 sdjntre
407 2995 576 3076 reipublice
589 2994 743 3075 premium
755 2993 873 3052 uberius
891 2995 995 3070 quari,
1008 3014 1097 3073 quam

148 3088 221 3153 iacti
232 3094 432 3153 conscientia:
453 3092 506 3152 sed
518 3101 617 3152 tamen
630 3094 654 3151 si
667 3111 727 3171 qua
739 3093 850 3150 bouem
861 3092 890 3151 ei
901 3110 1020 3171 opernm
1033 3092 1098 3171 Ap.

152 3185 296 3248 Claudius
304 3188 450 3269 prustitit,
464 3188 628 3248 mercedem
638 3185 757 3246 abunde
769 3188 891 3267 recepit,
902 3185 1098 3265 locupletatus

150 3282 265 3361 opibus,
278 3284 401 3343 ausos
411 3282 583 3353 honoribus,
605 3284 713 3363 quibus
730 3282 769 3343 ad
783 3282 918 3342 ultimam
938 3302 1031 3361 usque
1050 3302 1097 3342 se-

152 3388 298 3439 nectutem
311 3378 466 3458 perviguit.

23 3539 24 3568 1
190 3480 240 3533 46.
261 3474 464 3552 ‘Quanquam
476 3474 599 3533 fortasse
608 3474 699 3547 satius
707 3474 809 3534 fuisset
822 3473 956 3554 Appiiet
967 3476 1098 3554 superio-

154 3586 212 3627 rum
226 3565 421 3628 ciendicrum
441 3570 617 3627 mentionem
639 3570 869 3649 pretermittere,
890 3590 979 3649 quam
995 3567 1098 3629 adme

155 3680 218 3723 sere
239 3684 296 3724 ros
313 3664 497 3743 injurisrum,
514 3684 587 3743 quas
598 3663 703 3724 domus
716 3664 781 3735 iiia,
794 3665 834 3723 sb
845 3673 978 3724 extrema
989 3664 1100 3742 origine

155 3759 270 3818 minime
283 3758 445 3839 popularis,
469 3767 583 3819 succes
601 3759 687 3819 robis
706 3780 784 3867 saepe
803 3768 835 3819 et
857 3759 978 3819 acerbas
989 3759 1099 3818 intulit.

155 3852 252 3919 Qun
273 3853 352 3914 enim
379 3853 514 3934 Appium
534 3872 587 3914 ros
606 3854 772 3914 meminisse
791 3852 916 3914 volant?
945 3852 1101 3920 Aiiamne

154 3966 242 4029 quam
260 3948 344 4009 illum
357 3950 421 4029 qui
428 3968 542 4030 semper
562 3948 724 4009 mmmodis
744 3949 847 4009 vestr-is
866 3948 986 4007 inimico
1002 3947 1102 4006 animo

154 4042 323 4105 adversatum
343 4054 406 4113 est:
441 4045 493 4125 qni
515 4044 613 4125 potius
632 4064 699 4105 cum
719 4043 850 4103 exercitu
875 4044 970 4123 perire
994 4040 1124 4111 voluit,-

154 4157 241 4215 quam
254 4160 273 4199 a
286 4140 404 4219 plebeio
416 4140 548 4209 consule,
562 4138 678 4217 collega
693 4158 757 4208 suo,
776 4140 905 4206 serrari;
928 4141 979 4217 qui
998 4157 1100 4197 censu·

1163 316 1329 439 rara
