2917 4767
462 426 537 474 nin.
561 425 665 473 xxii.
688 425 771 472 cau.
794 408 826 471 1.
1107 363 1193 474 17&

77 562 335 635 nb'llomanis
360 569 461 635 odia:
490 572 685 654 petitusque
710 587 804 650 serpe
840 567 1025 652 principum
1053 565 1195 646 insidiis,

78 673 250 753 ipsorum·
267 673 366 737 inter
378 693 415 736 se
427 669 555 748 fraude,
572 671 691 735 eadem
702 670 854 747 levitate,
868 689 936 752 qua
948 675 1195 750 consenserant,

78 791 286 836 consensum
311 773 546 847 indicantium,
567 779 722 837 serratus
747 776 837 856 erut3
859 777 902 848 et,
926 770 1081 836 mumndo
1105 788 1195 836 nunc

79 881 218 952 vestem,
241 893 340 938 nunc
361 879 550 957 tegumenta
573 873 708 956 capitis,
730 891 841 936 erroro
862 872 964 936 etiarn
981 891 1058 936 sese
1080 871 1124 936 ab
1147 873 1196 936 iu·

79 976 175 1040 sidiis
192 978 384 1042 munierat
428 974 583 1042 Ceterum
606 975 662 1039 hic
683 993 819 1058 quoqne
842 976 876 1040 ei
899 975 997 1040 uuor
1011 992 1117 1038 causa
1132 973 1197 1039 luit

80 1078 246 1142 maturius
261 1077 425 1142 movendi
438 1095 483 1140 ex
492 1077 660 1160 hybernis.
707 1077 772 1141 Per
785 1076 875 1140 idern
889 1082 1024 1159 tempus
1041 1075 1103 1140 Gn.
1119 1075 1195 1140 Ser·

80 1180 179 1243 uilius
196 1182 328 1244 minsa}
348 1179 490 1245 Romae³
518 1179 638 1244 Idibus
657 1177 817 1243 lllartiisl
841 1178 1074 1260 magistratum
1094 1177 1196 1242 iniia-

82 1280 133 1344 lbi
148 1301 228 1345 curn
248 1281 299 1346 de
321 1301 358 1344 rc
372 1281 509 1364 publica
521 1281 704 1357 retulisset,
728 1279 953 1362 redintcgrala
968 1280 1002 1342 in
1016 1279 1055 1343 G.
1072 1278 1198 1344 Flami-

82 1383 172 1446 nium
189 1384 333 1448 invidia
347 1393 411 1448 est.
457 1381 581 1447 ‘Duos
602 1401 640 1446 se
662 1381 818 1445 consules
842 1399 989 1456 creasse,
1016 1399 1116 1446 unum
1139 1379 1199 1448 ha·

86 1483 171 1548 bere.
218 1483 335 1562 Quod
351 1485 438 1548 enim
458 1483 509 1548 illi
523 1482 655 1567 justum
671 1482 870 1565 imperium,‘
892 1481 985 1566 quod
1006 1483 1197 1565 auspicium

86 1585 186 1648 essct
229 1586 458 1668 Magistratus
477 1585 511 1649 id
530 1603 552 1648 a
574 1583 687 1659 domo,
710 1582 858 1666 publicis
874 1583 1080 1666 priuatisque
1093 1602 1201 1667 pena·

86 1685 187 1762 tibus,
209 1687 348 1752 latinis
361 1685 565 1763 scribentis,
581 1685 749 1752 sacrificio
762 1687 796 1750 iu
807 1691 919 1750 monte
931 1684 1090 1767 perfecto,
1106 1684 1200 1749 rotis

88 1787 150 1850 rite
171 1787 209 1852 in
239 1789 422 1871 Capitolio
442 1789 663 1872 nuncupatis,
688 1806 803 1852 secum
827 1788 928 1851 ferro:
951 1805 1015 1850 nec
1034 1785 1200 1868 privatum

89 1889 250 1970 auspicia
274 1891 386 1974 sequi,
401 1909 465 1954 nec
484 1891 556 1954 sine
570 1889 734 1972 auspiciis
750 1888 935 1972 proiectum
950 1888 983 1952 iu
997 1895 1137 1952 externo
1158 1907 1200 1954 ea

91 1989 160 2054 solo
170 2009 268 2056 noua
279 1998 382 2074 atque
392 1992 519 2070 integra
532 1993 712 2072 concipere
724 1987 852 2073 posse!
880 1986 1199 2070 Augebantmetnm

91 2091 251 2174 prodigia
278 2113 323 2157 ex
342 2091 499 2176 pluribus
524 2092 624 2156 simul
644 2090 731 2155 locis
749 2091 921 2156 nuntiata:
944 2091 980 2155 in
1004 2091 1124 2156 Sicilia
1140 2091 1199 2156 mi-

94 2191 211 2258 litibus
237 2195 370 2279 aliquot
395 2195 541 2278 spicula,
564 2194 599 2258 in
621 2193 777 2260 Sardinia
801 2199 939 2258 antem⁴
959 2195 994 2258 in
1019 2213 1116 2258 muro
1138 2193 1200 2258 cir·

93 2298 267 2360 cumeunti
288 2297 421 2379 vigilias
437 2297 542 2380 equiti
563 2295 760 2379 scipionem,
782 2315 883 2379 quern
903 2315 1001 2360 mauu
1024 2301 1202 2373 tenuerat,5

96 2395 235 2476 arsisse,
252 2405 290 2462 et
303 2399 420 2461 littora
432 2397 557 2462 crebris
572 2397 704 2480 ignibus
718 2398 867 2475 fulsisse,
883 2403 916 2463 et
929 2389 1112 2462 scuta'duo
1124 2417 1202 2462 san·

98 2496 195 2574 guina
224 2498 398 2578 sudasse,⁶
423 2504 459 2562 ct
484 2499 606 2563 milites
631 2498 797 2583 quosdam
825 2500 911 2562 ictos
936 2499 1143 2576 fulminibus,
1166 2505 1202 2564 et

100 2597 181 2661 solis
200 2601 318 2664 orbem
338 2600 443 2664 minui
468 2601 599 2680 risum;
623 2607 657 2664 et
671 2600 844 2664 Prmneste
869 2599 1025 2664 ardentes
1047 2601 1202 2685 lapides⁷

100 2698 185 2763 coelo
199 2701 389 2779 cecidisse3
403 2709 436 2764 et
450 2697 580 2783 Arpisd
597 2721 732 2797 parmas
745 2701 758 2739 ⁸
773 2701 807 2765 in
823 2699 913 2765 coelo
929 2701 1035 2779 visas,
1049 2721 1202 2784 pugnan-

47 2840 50 2844 -
103 2805 232 2884 temque
248 2822 326 2866 cum
350 2802 431 2866 luna
451 2803 572 2880 solem,
595 2812 630 2867 et
645 2802 795 2884 Capenae
823 2802 910 2865 duas
936 2801 1081 2865 interdiu
1104 2803 1203 2868 lunas

103 2909 213 2984 ortas3
236 2911 273 2968 et
287 2922 395 2988 aquas
411 2903 586 2968 Gaerctcs⁹
611 2905 771 2986 sanguine
795 2903 920 2966 mixtas
943 2900 1111 2981 fluxisse:
1132 2903 1205 2967 lon·

104 3005 231 3088 umque
250 3006 364 3088 ipsum
389 3005 546 3070 Herculis
558 3014 586 3044 ¹⁰
605 3006 751 3070 cruentis
775 3023 933 3069 manasse
956 3021 1109 3087 sparsum
1133 3023 1202 3070 ma·

560 3168 746 3190 nummu

136 3273 149 3319 l
165 3271 239 3322 Olim
257 3273 392 3335 legebatur
403 3273 513 3323 viderent
529 3272 698 3336 lym-0
716 3272 867 3335 Ipsumque
883 3271 951 3322 Edd.
962 3277 1023 3323 aute
1039 3273 1205 3324 Curiam-⁸

107 3329 174 3382 oli-
189 3339 239 3387 θη.
254 3337 372 3387 Seruilius
387 3339 528 3386 Rosam-l
544 3344 553 3366 ⁴
567 3338 710 3386 Proculam
726 3341 755 3384 in
772 3337 837 3385 blm.
848 3338 930 3402 unda,
940 3339 1117 3398 uudemcadrr,
1126 3339 1207 3400 rude,

107 3403 134 3445 et
148 3401 175 3448 tu
192 3403 348 3466 quibusdum
365 3405 442 3459 ada.
454 3403 522 3451 nude
539 3401 597 3453 Jac.
608 3401 726 3450 Gronov.
737 3415 786 3451 non
800 3403 866 3450 male
878 3402 947 3480 conj.
959 3402 1048 3454 Sulcis.
1082 3403 1150 3453 dulci
1161 3415 1207 3451 uu·

108 3462 175 3524 buna
190 3479 220 3516 er
239 3468 381 3516 ctariuima
397 3467 522 3516 Sardinia
540 3467 619 3517 urbs.'
637 3466 789 3530 Bepara-⁵
808 3467 941 3518 ‘Tenum
959 3467 1084 3531 suspicari
1104 3466 1207 3530 ponii!

110 3523 258 3589 Rom-d
273 3535 282 3558 ‘
294 3532 441 3591 &goim
456 3533 552 3580 udum
568 3544 657 3580 omues
676 3530 744 3579 Edd.
755 3537 817 3580 unte
835 3533 916 3582 Drnk.
927 3546 978 3581 uon
990 3533 1073 3583 male!
1092 3533 1118 3582 b.
1130 3549 1154 3582 e.
1165 3546 1206 3582 ru·

109 3589 190 3644 drudo
202 3596 333 3644 eruirirrel
349 3597 503 3659 stupra-r
522 3595 554 3644 ln
571 3610 622 3644 uno
638 3597 690 3645 Μι.
701 3597 830 3660 lupadus,
840 3599 932 3661 probb.
945 3598 1026 3647 lircil.
1038 3605 1066 3646 et
1077 3598 1207 3647 strutus-

109 3656 125 3700 8
141 3655 178 3706 dt
186 3661 339 3722 pelam-tl
356 3660 399 3710 Al.
414 3662 581 3710 Germ—lli
598 3661 674 3723 Conj.
687 3659 957 3727 Bapeni-frontemque
967 3663 1044 3727 ipsura
1055 3661 1207 3712 Herculia-

600 3805 709 3856 NOTAE

139 3894 244 3949 bidibus
256 3901 370 3965 Martiis]
385 3901 437 3952 Hic
449 3910 512 3952 tuuc
523 3902 636 3956 rolenulr
677 3903 743 3952 riom
757 3904 784 3954 lu
796 3901 956 3966 provinciam
973 3899 1041 3951 ferre
1059 3914 1110 3950 non
1132 3905 1207 3963 potu·

112 3966 211 4023 imnodi
222 3976 389 4038 magicumne
399 3978 463 4028 dies.
676 3979 751 4030 isael.

141 4046 156 4075 ⁹
171 4049 204 4099 Δ.
216 4050 251 4099 U.
264 4049 295 4100 C.
314 4055 373 4101 m.
709 4051 826 4115 ‘ArpisJ
849 4049 915 4114 Arpl
936 4049 997 4098 urbo
1016 4048 1130 4112 Apuliae.
1163 4049 1210 4100 ni-

141 4129 151 4156 e
172 4125 242 4180 Qud
262 4125 327 4174 adar
340 4127 380 4174 illi
390 4124 485 4186 isara
502 4124 638 4189 ιάμνὶυι]
680 4141 756 4176 varra
770 4125 822 4177 fnit
833 4128 865 4176 ab
877 4125 979 4189 Arpino
995 4125 1146 4175 Volscorurn
1163 4140 1209 4189 op-

116 4195 248 4263 llagebani
260 4200 398 4252 Senatores
413 4202 565 4253 Flaminium
577 4218 638 4252 con·
680 4202 741 4266 pido
758 4202 836 4265 juxta
857 4199 1018 4252 continentes
1040 4203 1106 4254 Llrir
1125 4207 1153 4254 et
1168 4202 1210 4252 ri-

115 4276 188 4325 rulem
201 4276 358 4332 babendum,
368 4277 438 4341 quod
446 4278 547 4342 justum
560 4282 640 4343 impe·
680 4278 763 4343 breui,
775 4277 907 4330 Ciceronis
920 4279 1014 4344 putria.

176 4356 265 4420 Delpt.
274 4360 299 4406 et
313 4354 371 4410 Vur.
381 4357 446 4410 ctat.
623 4357 715 4407 binius.
1087 4360 1103 4405 6
1121 4355 1143 4404 Α
