2917 4767
241 353 330 420 1842
713 373 748 420 τ.
774 371 867 421 nitu

243 517 351 598 magis
365 514 511 592 latentis,
534 535 587 594 ea,
610 533 687 600 qnae
707 516 847 592 diceret,
874 535 964 594 vera,
987 537 1089 600 quam
1108 518 1225 584 facilia
1240 519 1347 598 sactu,

242 637 339 684 esso:
366 618 553 682 ‘Dictatori
564 619 759 700 magistrum
772 616 940 703 equitum¹
956 620 1199 686 intolerabilem
1215 622 1347 687 luisse:

243 721 325 804 quid
340 719 472 783 consuli
487 718 651 783 adversus
666 719 832 801 collegam
852 720 1049 784 seditiosum
1067 739 1107 785 ac
1132 725 1346 787 temerarium

243 822 362 886 vinnm
373 818 400 860 ¹⁶
413 826 518 903 atque
537 821 748 886 auctoritatis
762 822 858 885 sorel
903 822 949 886 Se
968 822 1132 906 populare
1149 825 1344 889 incendium

241 925 352 1006 priore
368 922 547 989 consulatu
573 922 799 987 semiustumm
815 921 990 1005 effugisse:
1013 932 1144 1007 optare,
1171 933 1209 990 ut
1233 928 1345 990 omnia

242 1043 403 1109 prospere
418 1025 595 1089 evenirent.
639 1025 700 1103 At,
713 1025 743 1089 si
757 1025 839 1108 qnid
854 1025 1019 1090 adversi¹⁷
1032 1026 1180 1104 caderet,
1194 1027 1344 1091 hostium

243 1147 280 1192 sc
295 1129 376 1192 telis
389 1128 517 1211 potins,
533 1147 633 1210 quam
649 1127 816 1210 suffragiis
832 1127 990 1192 iratorum
1004 1128 1140 1206 civium,
1161 1139 1268 1212 capnt
1284 1130 1344 1193 ob·

236 1229 430 1317 jectarum.'
473 1230 530 1294 Ab
544 1231 609 1295 boc
625 1249 776 1295 sermone
791 1230 977 1313 proiectum
997 1229 1159 1294 Paullum
1184 1231 1345 1308 tmdurur

241 1333 520 1417 prosequentibus
545 1332 748 1416 primoribus
772 1331 924 1398 Patrum.
976 1329 1152 1396 Plebeium
1172 1333 1342 1398 consulem

242 1454 307 1498 sua
330 1436 446 1517 plebes
465 1441 655 1518 prosecuta,
679 1435 789 1512 turba,
816 1452 916 1515 quam
933 1432 1101 1516 dignitate,
1117 1437 1344 1516 conspectior.

131 1591 134 1599 .
217 1588 222 1600 .
242 1535 341 1600 Utin
356 1541 470 1601 castra
486 1541 654 1613 venerunt,
674 1538 841 1619 permixto
866 1554 956 1600 novo
979 1535 1130 1615 exercitu
1151 1555 1192 1600 ac
1219 1541 1344 1616 vetere,

242 1638 363 1702 castris
378 1638 530 1702 bifariam
546 1638 660 1714 sactis,
671 1651 710 1702 ut
723 1657 811 1703 nova
825 1638 955 1702 minora
966 1645 1083 1701 essent
1093 1639 1234 1720 propius
1249 1639 1346 1703 llan-

241 1737 425 1818 uibalem,¹⁸
445 1741 480 1804 in
504 1743 673 1806 veteribus
694 1739 804 1824 major
826 1759 903 1822 pars
926 1746 961 1805 et
985 1759 1082 1803 omne
1103 1740 1204 1803 robur
1226 1740 1345 1806 virium

242 1848 350 1923 osset3
372 1848 443 1906 tum
467 1844 642 1906 consulum
668 1845 746 1908 anni
773 1841 894 1926 prioris
905 1849 956 1891 ¹⁹¹²
973 1840 1023 1903 M.
1038 1839 1192 1914 Atilium,
1209 1848 1347 1906 oetatem

242 1951 471 2022 excusantem,
486 1933 632 2010 Romam
649 1946 828 2023 miserunt;
845 1943 1023 2008 Geminum
1040 1943 1219 2008 Servilium
1233 1945 1271 2006 in
1287 1945 1348 2007 mi·

241 2045 383 2109 noribns
403 2047 521 2110 castris
541 2047 665 2129 legioni
690 2046 854 2110 Romanae
876 2050 911 2109 et
936 2047 1064 2108 socium
1080 2045 1234 2127 peditum
1252 2047 1347 2128 equi·

242 2153 379 2229 tumque
392 2147 522 2210 dnobus
537 2148 684 2212 millibus
704 2147 905 2231 praeficiunt.
950 2145 1134 2223 Hannibal,
1149 2167 1346 2231 quanquam

240 2255 336 2330 parte
354 2247 495 2311 dimidia
517 2253 634 2312 unctas
653 2249 804 2312 bostium
825 2248 946 2331 copias
967 2250 1139 2324 cernebat,
1155 2252 1268 2312 tamen
1284 2250 1344 2315 ad·

243 2357 344 2412 ventu
360 2349 535 2412 consulum
550 2350 633 2413 mire
647 2349 804 2430 madere.
850 2349 929 2414 Non
951 2349 1058 2413 solum
1081 2350 1168 2412 enim
1188 2349 1276 2417 nibil
1303 2371 1347 2416 ex

242 2451 352 2532 raptis
368 2448 506 2513 indiam
527 2452 770 2515 commeatibus
792 2453 986 2535 superabat,
1004 2451 1062 2514 scd
1079 2470 1131 2528 ne,
1145 2451 1234 2516 uude
1249 2471 1347 2536 rape-

241 2562 301 2627 ret,
317 2551 453 2636 quidem
469 2552 650 2635 quicquam
665 2552 787 2635 reliqui
802 2560 884 2629 erat,
901 2551 991 2614 omni
1006 2549 1152 2634 undique
1168 2553 1346 2632 frumento,

242 2658 422 2736 postquam
437 2672 515 2733 ager
536 2673 654 2735 parum
677 2657 771 2718 tutus
800 2659 881 2729 erat,
902 2653 936 2715 in
962 2653 1061 2715 urbes
1083 2653 1251 2716 munitas⁰
1268 2673 1345 2718 oon-

242 2761 353 2826 vecto,
382 2759 420 2818 nt
450 2756 509 2818 vix
540 2754 655 2818 decem
685 2753 817 2818 dierum
846 2753 952 2838 (quod
983 2759 1189 2836 compertum
1219 2762 1347 2837 postea

271 2941 287 2975 P
302 2934 361 2984 Post
373 2934 416 2984 loc
425 2935 565 2997 colloquium
575 2933 676 2983 Paullus
687 2934 719 2982 nti
729 2931 861 2983 exercitam
869 2929 990 2995 prosectu
1000 2945 1048 2981 erse
1058 2931 1180 2982 scribitur.

276 3178 306 3223 ro
323 3175 392 3225 Olim
412 3175 557 3237 legebatur,
571 3175 628 3239 quid
645 3173 739 3223 consilii
757 3190 781 3222 u.
799 3189 820 3222 r.
839 3191 859 3223 r.
880 3189 908 3223 ne
926 3173 1078 3222 temerariam
1096 3173 1248 3223 utam-rr
1266 3175 1343 3226 Melit

241 3239 338 3289 Bauer.
347 3241 517 3291 adura-18
528 3240 571 3289 ΑΙ.
579 3241 678 3304 propius
689 3238 896 3288 Hannibali-lli
908 3237 952 3287 ΑΙ.
963 3245 1014 3287 tum
1023 3239 1081 3300 auri
1089 3239 1177 3301 prioris
1186 3241 1343 3289 malem.—

737 3367 844 3419 NO'l'AE

277 3463 570 3528 'Mugirtrnurequitanj
582 3465 772 3515 millinarium
814 3463 881 3527 rior,
899 3462 1030 3530 (quonium
1048 3463 1150 3528 quidam
1171 3463 1276 3514 codices
1299 3465 1342 3515 br·

242 3544 498 3603 suptraentes.
812 3541 885 3601 beot,
909 3542 1041 3589 combam
1056 3539 1114 3589 naui
1134 3539 1246 3603 prioriq)
1263 3542 1341 3590 scribi

274 3624 293 3650 ¹
310 3615 397 3664 Priore
408 3615 690 3679 ambianensium]
702 3617 770 3666 Con·
813 3621 861 3666 tun
869 3617 988 3664 cumulum
999 3615 1057 3664 anri
1066 3615 1162 3678 prioris.
1183 3615 1295 3678 Supplo,
1303 3617 1340 3664 sl·

242 3692 341 3741 solatur
366 3693 409 3741 ille
430 3694 501 3755 prior
519 3691 549 3740 L.
566 3692 661 3741 AEmilii
685 3692 771 3741 Paulli
813 3700 895 3742 terum
908 3689 1066 3753 Multitimu,
1077 3689 1341 3750 ncdainda,rlternnr

242 3783 301 3820 cunr
316 3770 356 3819 Μ.
369 3769 442 3819 Livio
454 3770 598 3818 Salinatore
608 3767 772 3818 confertur·
812 3767 949 3823 Seruilium,
972 3765 1017 3813 sed
1046 3765 1126 3814 liutto
1156 3767 1218 3814 unni
1248 3765 1342 3829 prioris

242 3845 538 3909 argenteumque.
550 3850 608 3896 ott.
640 3845 773 3894 Seruium
812 3843 917 3893 consule
939 3841 1163 3904 nominitamus
1184 3841 1341 3904 intelligitur

241 3922 285 3972 bic
294 3923 389 3973 dicitnr
397 3931 426 3972 nt
437 3930 525 3983 anter,
534 3921 679 3982 ambustus,
687 3919 713 3969 id
721 3929 775 3982 ert,
812 3933 846 3968 ex
857 3917 986 3983 prioribus
1002 3916 1127 3978 collegam
1139 3915 1196 3980 rius
1208 3917 1233 3966 in
1249 3932 1342 3968 eonsu-

243 4013 325 4060 prope
336 3999 472 4049 damnatus
483 3995 565 4061 plebis
578 3995 691 4061 judicio,
702 3995 771 4060 quod
811 3995 866 4043 latu
878 3993 958 4042 tulare
969 3991 1115 4041 Servilium.

243 4073 384 4135 ‘populare
397 4073 544 4122 incendium
553 4072 562 4094 '
572 4071 696 4135 appellat.
843 4075 856 4102 ⁰
871 4067 903 4116 1rr
910 4067 979 4116 urbes
987 4064 1104 4128 mauu]
1115 4065 1240 4118 Romania
1251 4067 1340 4118 addic-

275 4156 288 4182 ¹
305 4150 364 4197 lirun
379 4151 500 4198 romulu
518 4149 577 4197 urai
593 4148 682 4209 prioris
698 4147 773 4212 [Tru
813 4149 860 4202 tu,
870 4141 1029 4208 infestasque
1041 4141 1138 4191 Ptenis.

242 4223 301 4276 nni
314 4222 539 4287 priorirmmlerr]
556 4223 659 4273 Mavult
670 4222 771 4274 Grono-
