2917 4767
497 393 569 443 ura.
592 393 711 444 xxrrr.
734 397 819 444 cnr.
838 379 895 446 34.
1153 375 1240 449 leot

118 539 264 600 terram
279 535 405 617 egressi
420 541 509 602 sunt.
553 536 637 602 Inde
653 557 712 622 per
729 537 891 621 Apuliam
906 527 1058 620 petentes
1071 539 1238 624 Capuam,
1263 562 1268 570 ’

117 636 251 699 media
274 637 308 700 in
330 637 489 718 praesidia
504 637 659 703 Romana
678 640 764 704 illati
780 646 877 720 suut;
904 639 1109 723 deductique
1123 641 1167 705 ad
1189 641 1240 708 M.

118 731 314 801 Valerium
337 737 511 803 Laevinum
527 747 715 822 praetorem,
730 742 819 806 circa
835 741 1038 806 Luceriam⁴
1050 748 1164 807 castra
1178 742 1239 807 ha·

119 837 287 902 bentem.
332 838 386 903 Ibi
403 841 569 923 intrepide
586 840 820 924 Xenophanes
833 842 1014 924 legationis
1033 843 1202 926 princeps,
1217 863 1240 910 a

120 935 303 1022 Philippo
326 960 403 1021 rege
418 960 455 1006 se
470 942 622 1020 missum,
638 944 699 1020 ait,
716 942 760 1006 ad
776 943 960 1007 amicitiam
977 943 1241 1028 societatemque

116 1037 339 1122 jungendam
355 1060 432 1106 curn
448 1042 574 1126 populo
590 1043 770 1124 Roman03
792 1043 952 1109 mandata
965 1045 1088 1108 habere
1102 1045 1145 1108 ad
1160 1065 1239 1110 con·

123 1140 231 1231 sules
253 1161 295 1205 ac
318 1149 470 1206 senatum
494 1145 725 1227 populumque
750 1145 952 1210 Romanum.
998 1146 1141 1224 Praetor,
1155 1147 1240 1212 inter

125 1239 349 1308 defectiones
371 1249 519 1308 vetemm
541 1245 709 1310 sociorum
735 1264 824 1310 nova
848 1247 1034 1312 societate⁵
1061 1254 1130 1312 tam
1157 1248 1241 1312 clari

124 1343 228 1423 regis
251 1343 348 1407 laetus
370 1341 561 1422 admodum,
577 1345 695 1410 hostes
715 1366 776 1430 pro
792 1345 1005 1430 hospitibns⁶
1025 1349 1169 1414 comiter
1182 1368 1240 1414 ac·

126 1444 242 1525 cepit.
287 1445 368 1522 Dat,
383 1445 441 1528 qui
463 1451 717 1528 prosequantur,
734 1447 877 1511 itinera⁷
901 1465 980 1512 cnm
1001 1467 1083 1512 cura
1104 1448 1241 1514 demon·

129 1549 256 1623 streut,
269 1566 346 1629 quaa
365 1547 441 1611 loca
460 1566 614 1630 quosque
636 1547 744 1612 saltus
764 1553 822 1614 aut
837 1547 1036 1613 Romanns⁸
1052 1556 1111 1614 ant
1126 1550 1239 1615 hostes

129 1653 284 1712 teneant.
329 1647 561 1730 Xenophanes
587 1667 646 1730 per
671 1648 830 1730 praesidia
856 1647 1068 1714 Romanuin
1092 1649 1239 1733 Campa-

129 1748 243 1825 niam,
259 1750 346 1826 inde,
361 1769 431 1832 qna
452 1750 639 1832 proximum
662 1748 737 1826 init,
752 1751 787 1813 in
810 1756 921 1814 castra
937 1749 1143 1814 Hannibalis
1164 1771 1239 1834 per·

132 1852 241 1926 venit,
254 1851 434 1934 foedusque
445 1870 523 1917 curn
535 1870 574 1914 eo
586 1857 690 1933 atque
702 1851 880 1914 amicitiam
892 1851 1008 1933 junxit
1020 1851 1149 1934 legibus
1163 1853 1236 1920 his:

132 1955 145 1986 ‘
162 1959 224 2015 ut⁹
248 1952 427 2035 Phrlippns
446 1972 508 2018 rex
530 1971 630 2035 quam
647 1953 797 2016 maxima
811 1951 923 2016 classe
937 1952 1111 2029 (ducentas
1125 1962 1238 2018 autem

132 2073 242 2118 neves
259 2054 434 2119 ridebatur
449 2054 638 2131 effecturus)
651 2053 685 2142 iu
701 2052 838 2117 Italiam
852 2053 1028 2136 trajiceret,
1042 2059 1076 2118 et
1089 2063 1239 2120 vastaret

133 2156 336 2220 maritimam
356 2175 467 2220 oram:
490 2155 615 2219 bellum
638 2174 700 2237 pro
724 2160 818 2236 parte
840 2172 903 2217 sua
917 2162 1004 2218 tcrra
1018 2155 1169 2238 marique
1182 2176 1237 2238 ge·

134 2262 233 2320 reret.
278 2256 347 2320 Ubi
368 2257 570 2321 debellatum
592 2260 694 2333 esset,
710 2254 816 2319 Italia
837 2256 945 2319 omnis
966 2276 1040 2319 cum
1055 2257 1133 2339 ipsa
1156 2259 1237 2322 urbo

135 2358 252 2422 Ιῑοιιια
268 2356 588 2439 Carthaginiensium
602 2363 702 2439 atque
719 2355 924 2420 Hannibalis
938 2363 1039 2434 esset,
1054 2357 1238 2441 praedaque

136 2462 248 2525 omnis
263 2459 447 2523 Hannibali
463 2457 606 2522 eederet.
651 2457 846 2520 Perdomita
866 2456 979 2534 Italia,
994 2459 1189 2540 navigarent
1201 2462 1238 2524 in

136 2560 318 2636 Graeciam,
331 2561 534 2642 bellumque,
550 2578 626 2622 cum
649 2560 774 2642 quibus
793 2559 927 2638 regibus
938 2568 966 2597 ¹⁰
987 2561 1160 2641 placeret,‘
1181 2580 1237 2641 ge·

136 2669 254 2725 rereut.
291 2659 378 2739 Quae
394 2661 549 2725 civitates
565 2659 779 2736 continentis,
790 2677 867 2740 quar
879 2659 1000 2723 insulae
1014 2659 1057 2723 ad
1074 2660 1238 2726 Macedo·

134 2763 226 2826 niam
244 2771 394 2845 vergunt,
410 2782 460 2826 cae
478 2761 629 2844 Philippi
645 2760 806 2843 regnique
824 2759 902 2842 ejus
917 2759 1050 2825 essent?

179 2862 236 2926 34.
259 2863 301 2928 ln
320 2861 382 2926 has
403 2861 504 2927 ferme
529 2861 621 2943 leges
643 2861 728 2924 inter
743 2859 888 2923 Poenum
904 2860 1024 2926 ducem
1042 2861 1238 2946 legatosque

136 2963 365 3028 Macedonum
380 2965 485 3028 ictum
499 2962 623 3041 soedus,
638 2961 800 3044 missique
814 2979 889 3025 cum
908 2961 951 3024 iis
967 2962 1010 3025 ad
1024 2964 1113 3045 regis
1128 2963 1237 3046 ipsius

138 3067 333 3132 firmandam
357 3066 455 3131 iidem
479 3066 595 3148 legati,
611 3064 718 3148 Gisgo
741 3072 777 3128 et
800 3063 921 3128 Bostar
940 3071 975 3128 et
990 3063 1107 3149 Mago,
1121 3065 1237 3131 eodem

136 3385 249 3445 part-t
267 3377 408 3428 ‘barmim
418 3378 506 3442 recepi
519 3391 551 3427 ex
562 3377 665 3428 emend.
676 3379 737 3430 VV.
755 3379 817 3428 Du.
835 3389 913 3440 qnam
928 3373 1014 3424 firmat
1029 3375 1106 3438 impr.
1120 3391 1178 3440 cap.
1194 3383 1236 3429 48.

139 3446 268 3496 Nuceriam
279 3445 319 3492 rel
338 3444 477 3494 Numeriam
494 3441 558 3493 Mar.
574 3449 602 3492 et
612 3442 681 3493 Edd.
713 3443 766 3493 Sed
779 3449 917 3506 utrumqne
928 3442 962 3489 ab
973 3441 997 3490 b.
1008 3441 1025 3489 Ι.
1038 3441 1166 3492 alienam!
1183 3443 1236 3494 Re·

135 3515 247 3574 paru-t
265 3508 368 3572 ‘Vulgo
382 3511 406 3558 in
420 3507 487 3558 Edd.
504 3508 623 3558 omnibns
634 3509 703 3558 later
719 3508 767 3567 dd.
782 3513 831 3556 cet.
848 3506 973 3567 mrimn,
985 3505 1103 3569 Valeriae,
1111 3522 1172 3556 aava
1189 3523 1238 3560 aaa.

138 3575 233 3623 omisso
247 3573 349 3622 nomine
362 3573 467 3632 Proetor,
477 3571 617 3637 additoque
630 3573 736 3637 proprio
750 3571 842 3621 Valerii
851 3572 963 3626 nomine,
974 3569 1043 3634 qnod
1054 3585 1128 3632 pane
1139 3571 1174 3620 ab
1183 3587 1236 3622 orn·

136 3639 223 3700 nibus,
241 3645 315 3688 certe
331 3637 364 3686 ah
384 3637 489 3699 optimis
505 3638 570 3687 Mar.
588 3638 670 3688 abeat.
700 3637 805 3695 Ρωων,
817 3635 886 3697 qnod
899 3643 985 3684 tamen
998 3636 1023 3682 in
1035 3635 1163 3684 nonnullis
1174 3637 1238 3686 Mar.

138 3709 221 3764 errat,
233 3702 332 3750 excidit
343 3701 502 3766 negligentia
519 3703 681 3752 librariorum
699 3709 759 3765 port
771 3701 803 3752 P.
816 3699 855 3748 R)
874 3699 1023 3749 Stroth-d
1039 3697 1082 3747 ΑΙ.
1093 3701 1182 3748 hortm
1191 3715 1235 3763 pro

137 3768 287 3830 namra-r
306 3767 348 3815 ΑΙ.
369 3766 559 3829 itineraque-8
578 3766 619 3816 ΑΙ.
635 3773 678 3814 aut
699 3766 860 3814 nmen-o
878 3765 932 3812 ‘Ut
952 3777 968 3811 a
991 3764 1100 3821 pessima
1121 3765 1235 3814 omniurn

136 3833 291 3888 editionum,
302 3832 409 3880 Gruteri
422 3845 525 3893 nempe,
538 3830 629 3880 abest!
647 3831 807 3880 Stroth-1⁰
824 3828 900 3875 hlalir
909 3827 936 3876 .l.
945 3827 974 3874 F.
984 3827 1099 3874 Gronov.
1107 3827 1169 3889 regi,
1180 3837 1208 3878 er
1218 3843 1234 3878 e

137 3897 287 3946 melioribus
299 3896 365 3946 Mas.
375 3911 472 3958 qaoque
482 3896 574 3944 rauna.
609 3895 661 3944 l’ro
673 3899 775 3956 uergant
785 3892 855 3954 conj.
867 3891 978 3953 Rupert.
987 3894 1120 3951 pergerem.

634 4049 742 4100 Norffi

172 4167 257 4215 'Cum
272 4166 355 4228 quibas
373 4164 470 4227 regibus
489 4161 602 4227 placeret]
618 4162 666 4212 As·
707 4160 752 4209 bru
773 4157 827 4219 regi
847 4159 959 4220 placeret·
1003 4155 1036 4206 Et
1060 4157 1136 4221 paulo
1158 4156 1237 4222 inira,

138 4243 239 4292 sentior
250 4241 382 4292 Gronovio
399 4239 535 4302 scribenti,
550 4253 603 4288 caer
613 4237 666 4302 qai·
706 4249 803 4299 quaque
813 4233 897 4282 inarlae
907 4235 938 4282 cd
949 4232 1113 4286 Mardonius
1125 4239 1235 4299 uergant.
