2917 4767
388 370 493 419 mum
519 368 600 419 xiv.
623 338 947 421 surrnsunuiuu.
1134 356 1223 423 14⁷8

90 510 359 591 oppugnationem
367 530 450 571 orsam
460 520 515 571 est.
537 510 599 571 Sed
613 510 804 591 Lilybetani,
816 530 885 571 cum
896 520 928 572 et
939 530 1060 572 nurnero

93 616 367 687 propugnatorum,
390 615 422 666 et
441 608 642 669 machinarum
658 615 803 687 apparatu
817 609 1002 685 juvarentur,
1015 608 1060 669 lo-

95 724 176 763 eum
189 712 357 764 tenuerunt.
398 703 528 765 Teutam
539 703 618 765 enirn
633 704 850 785 cetapultsrum
862 706 1061 784 scorpionum·

96 820 165 878 que
177 802 240 859 rim
254 800 520 877 Carthaginienses
536 800 723 870 invexerant,
734 810 768 861 ut
778 820 924 860 murorum
936 801 1063 861 ambitus

96 896 412 976 cupiendisomnibus
432 897 552 957 minime
568 896 723 957 sufficeret.
766 895 844 957 Cum
864 898 953 975 igitur
965 900 1062 977 cujus·

98 1012 163 1070 que
178 992 300 1071 generis
312 992 464 1053 missilium
476 992 559 1053 reiut
576 993 667 1053 imber
687 992 808 1073 quidam
829 994 859 1052 in
878 993 1064 1073 regiosspar·

99 1098 238 1167 geretur,
252 1088 397 1167 multique
407 1090 516 1169 passim
527 1089 670 1150 caderent
681 1100 733 1149 aut
741 1090 952 1159 sauciarentur,
965 1090 1066 1169 incep-

101 1194 172 1245 tum
186 1186 361 1246 omiserunt.
404 1186 563 1247 Mechiuus
583 1186 689 1245 deinde
704 1196 736 1245 et
749 1186 813 1265 ipse
826 1185 970 1245 fabricare
983 1186 1066 1246 insti·

102 1284 179 1351 tuit,
194 1290 305 1361 praeter
317 1302 369 1341 eas
380 1301 447 1362 quae
471 1281 625 1361 Syracusis
640 1282 880 1343 advehebantur:
901 1292 934 1343 et
954 1282 1067 1343 effomis

105 1378 214 1437 subter
225 1380 349 1437 humum
360 1378 514 1449 cuniculis,
527 1398 629 1439 omues
640 1379 828 1439 obsidionum
839 1380 967 1439 tentarit
978 1388 1066 1439 artas.

110 1473 195 1533 Cum
209 1484 321 1543 autem,
333 1475 464 1535 animose
477 1476 675 1537 resistentibus
688 1475 803 1545 Poeuis,
815 1485 879 1535 toto
891 1474 952 1535 sere
960 1476 1066 1535 bimes-

109 1570 148 1627 tri
173 1570 376 1649 nequicquam
397 1591 429 1631 se
448 1570 611 1649 fstignsset,
632 1570 817 1651 videretque,
838 1571 934 1632 donec
950 1582 1069 1651 apertius

111 1686 132 1725 e
143 1667 218 1725 mari
232 1668 363 1727 obseoeis
369 1666 466 1728 editus
472 1669 627 1747 exibisque
635 1666 721 1738 foret,
730 1670 894 1748 expugnari
902 1668 1077 1747 Lilybeum

112 1782 173 1823 non
196 1783 303 1843 posset
335 1764 489 1825 obsidione
508 1765 607 1825 soluta
628 1765 720 1829 siism
741 1766 772 1824 in
793 1773 907 1844 partem
926 1764 1071 1824 convertit

115 1859 269 1939 impetum.

159 1961 210 2015 16.
232 1954 356 2035 Quippe
378 1954 517 2015 sdversus
535 1954 732 2017 Mamertinos
742 1955 809 2015 freti
821 1952 940 2015 accolas
952 1953 1069 2013 Graecis
1081 1958 1148 2010 Plus.

114 2052 256 2131 quasdem
275 2054 413 2115 civitates
434 2053 525 2115 fidem
547 2055 623 2133 regis
646 2054 854 2133 implorabunt,
883 2072 972 2132 snper
996 2052 1072 2111 alias

113 2170 221 2227 graves
233 2160 267 2209 et
278 2150 398 2209 crebrss
409 2150 542 2229 iujurias,
555 2152 646 2211 etiem
658 2151 800 2210 tribunum
813 2149 940 2231 pendere
948 2158 1072 2209 coactae.

114 2246 259 2326 Pyrrhus
281 2246 369 2325 igitur
388 2248 521 2308 exercitu
545 2267 668 2328 propere
689 2247 791 2318 ducto,
812 2266 880 2307 cum
898 2247 934 2305 iis
949 2246 979 2304 in
1000 2245 1074 2305 loeis
1086 2246 1238 2312 robure.

115 2342 266 2422 quosdam
290 2343 535 2403 Mamertinorum
557 2343 595 2403 ad
617 2342 766 2421 exigenda
784 2342 946 2420 vectigalis
972 2314 1153 2401 minoem·

115 2438 393 2518 comprehendisset
412 2440 644 2519 necemaeetque,
659 2438 763 2518 praelio
774 2458 843 2500 cum
856 2439 1077 2498 occurrentibus

117 2535 202 2595 facto
215 2534 352 2593 discessit
362 2536 503 2614 superior,
517 2554 554 2593 ac
574 2534 668 2595 mults
687 2554 786 2594 eorum
804 2534 942 2614 presidio
958 2548 1076 2614 expug-

118 2632 205 2691 usrit
214 2630 375 2709 diruitque.
418 2630 461 2691 Et
472 2630 614 2691 hactenus
626 2630 745 2709 quidem
758 2632 845 2689 rebus
857 2627 1078 2709 praeclarissime

119 2729 212 2806 gestis
222 2728 366 2786 eximium
382 2728 439 2786 sibi
460 2727 622 2805 potentiam
642 2726 823 2804 gloriamque
836 2746 889 2785 rex
903 2734 1075 2804 perureret:

120 2833 231 2903 praeter
257 2823 334 2883 alies
354 2823 488 2891 virtutes,
508 2822 600 2882 etiem
615 2822 727 2881 eximia
747 2822 930 2881 humanitate
949 2840 1078 2878 amorem

122 2920 319 2999 singulorum,
339 2918 438 2979 studie
462 2918 628 2989 civitatum,
650 2937 708 2978 non
730 2916 857 2997 adeptus
875 2916 971 2992 magis
989 2936 1080 2993 quem

122 3016 258 3081 meritus.
310 3014 370 3075 Sed
391 3014 566 3075 felicitatem
589 3023 716 3083 mutarn,
742 3022 774 3072 et
798 3032 888 3090 quem
913 3012 1081 3071 existimare

36 3106 40 3111 ¹
125 3112 365 3172 fundatissimum
377 3112 532 3190 potuisses,
543 3119 691 3170 momento
704 3108 766 3167 t'ere
780 3107 953 3186 dissipstsm
964 3108 1083 3185 (proter

126 3208 284 3267 levitatem
297 3207 491 3285 ingeniorum,
502 3225 569 3285 qure
586 3208 649 3265 istis
669 3204 789 3285 populis
805 3222 954 3281 nunquam
975 3200 1082 3271 defuit,
1112 3212 1229 3269 Peneum,

126 3313 158 3363 et
174 3303 336 3362 amicorum
350 3303 566 3383 intemperiem)
589 3302 679 3381 ipsius
693 3300 823 3361 maxime
835 3299 912 3377 regis
922 3298 1013 3378 culpe
1023 3307 1084 3357 tra·
1096 3277 1246 3393 Qusffq·

127 3400 227 3459 ditur:
250 3399 301 3478 qui
322 3398 452 3457 adversis
471 3398 615 3476 egregius,
629 3397 767 3457 secundis
778 3398 875 3466 rebus,
898 3405 932 3455 ut
944 3396 1019 3454 inter
1030 3395 1085 3454 has
1097 3424 1119 3457 c.
1130 3414 1155 3457 r.

129 3495 224 3555 ferme
235 3494 389 3555 inferiores
400 3494 536 3555 humente
548 3502 661 3553 mentes
673 3503 750 3563 sunt,
759 3493 789 3551 in
802 3493 967 3571 superbiam
980 3492 1084 3551 effere-
1098 3472 1163 3521 ΡΜ·

130 3594 228 3652 batur.

172 3694 224 3751 17.
246 3686 324 3747 Cum
338 3687 436 3765 igitur,
458 3695 574 3749 utente
596 3686 735 3755 diximus,
758 3684 797 3743 ud
817 3682 972 3743 efficiendo
991 3690 1088 3760 coepta

135 3784 257 3845 classem
273 3783 331 3843 sibi
344 3784 537 3843 necessariam
549 3802 611 3843 esse
629 3782 761 3851 duceret,
773 3801 863 3839 noves
875 3788 974 3838 autem
997 3777 1089 3835 bebe-

137 3889 182 3941 ret
190 3879 308 3949 multas,
322 3878 373 3939 sed
388 3900 491 3959 parum
505 3878 686 3939 instructass
698 3874 960 3941 minuentibus,
974 3871 1088 3949 remigi·

136 3978 189 4037 bus
202 3978 311 4037 acerbe
334 3975 544 4054 conquirendis
556 3974 644 4035 vaide
656 3972 784 4035 offendit
794 3972 947 4033 civitates:
968 3976 1090 4046 repente

135 4086 278 4143 mutatus,
292 4080 326 4132 et
345 4092 385 4132 ex
399 4072 486 4152 priori
499 4071 619 4133 lenitate
642 4071 682 4133 sd
694 4071 821 4150 superbe
833 4066 967 4145 imperis,
981 4063 1090 4123 mines·

133 4192 201 4251 que,
224 4180 257 4235 et
277 4177 431 4251 postremo
452 4168 609 4249 supplicio,
630 4186 772 4249 pmceps.
812 4162 875 4225 Sed
895 4163 959 4222 herc
979 4170 1091 4229 tumen,
