<?xml version="1.0" encoding="UTF-8"?>
<!DOCTYPE html PUBLIC "-//W3C//DTD XHTML 1.0 Transitional//EN"
    "http://www.w3.org/TR/xhtml1/DTD/xhtml1-transitional.dtd">
<html xmlns="http://www.w3.org/1999/xhtml" xml:lang="en" lang="en">
 <head>
  <title>
</title>
<meta http-equiv="Content-Type" content="text/html;charset=utf-8" />
  <meta name='ocr-system' content='tesseract 3.04.00' />
  <meta name='ocr-capabilities' content='ocr_page ocr_carea ocr_par ocr_line ocrx_word'/>
</head>
<body>
  <div class='ocr_page' id='page_1' title='image "./tliviipatavinih00unkngoog/tliviipatavinih00unkngoog_0337.png"; bbox 0 0 2917 4767; ppageno 0'>
   <div class='ocr_carea' id='block_1_1' title="bbox 514 374 1242 448">
    <p class='ocr_par' dir='ltr' id='par_1_1' title="bbox 514 374 1242 448">
     <span class='ocr_line' id='line_1_1' title="bbox 514 374 1242 448; baseline 0.015 -11"><span class='ocrx_word' id='word_1_1' title='bbox 514 390 586 438; x_wconf 78' lang='lat' dir='ltr'><strong>aru.</strong></span> <span class='ocrx_word' id='word_1_2' title='bbox 611 389 698 438; x_wconf 84' lang='lat' dir='ltr'><strong>xxi.</strong></span> <span class='ocrx_word' id='word_1_3' title='bbox 721 391 805 440; x_wconf 78' lang='lat' dir='ltr'><strong>oar.</strong></span> <span class='ocrx_word' id='word_1_4' title='bbox 826 377 880 441; x_wconf 80' lang='grc'><strong>36.</strong></span> <span class='ocrx_word' id='word_1_5' title='bbox 1157 374 1242 448; x_wconf 79' lang='grc'>1717</span> 
     </span>
    </p>
   </div>
   <div class='ocr_carea' id='block_1_2' title="bbox 126 525 1276 1835">
    <p class='ocr_par' dir='ltr' id='par_1_2' title="bbox 126 525 1276 1835">
     <span class='ocr_line' id='line_1_2' title="bbox 145 525 1243 624; baseline 0.008 -29"><span class='ocrx_word' id='word_1_6' title='bbox 145 527 233 596; x_wconf 71' lang='lat' dir='ltr'><strong>‘aa</strong></span> <span class='ocrx_word' id='word_1_7' title='bbox 258 525 407 595; x_wconf 80' lang='lat' dir='ltr'><strong>Ventum</strong></span> <span class='ocrx_word' id='word_1_8' title='bbox 422 527 540 596; x_wconf 84' lang='lat' dir='ltr'><strong>deinde</strong></span> <span class='ocrx_word' id='word_1_9' title='bbox 558 532 602 597; x_wconf 90' lang='lat' dir='ltr'><strong>ad</strong></span> <span class='ocrx_word' id='word_1_10' title='bbox 619 535 722 598; x_wconf 90' lang='lat' dir='ltr'><strong>multo</strong></span> <span class='ocrx_word' id='word_1_11' title='bbox 743 531 967 616; x_wconf 80' lang='lat' dir='ltr'><strong>angustiorem</strong></span> <span class='ocrx_word' id='word_1_12' title='bbox 988 551 1114 620; x_wconf 85' lang='lat' dir='ltr'>rupem,</span> <span class='ocrx_word' id='word_1_13' title='bbox 1141 545 1243 624; x_wconf 74' lang='lat' dir='ltr'><strong>atquc</strong></span> 
     </span>
     <span class='ocr_line' id='line_1_3' title="bbox 126 632 1245 718; baseline 0.011 -23"><span class='ocrx_word' id='word_1_14' title='bbox 126 632 181 695; x_wconf 83' lang='lat' dir='ltr'><strong>ila</strong></span> <span class='ocrx_word' id='word_1_15' title='bbox 196 633 299 696; x_wconf 82' lang='lat' dir='ltr'><strong>rectis</strong></span> <span class='ocrx_word' id='word_1_16' title='bbox 326 634 435 710; x_wconf 85' lang='lat' dir='ltr'><strong>saxis,</strong></span> <span class='ocrx_word' id='word_1_17' title='bbox 456 639 493 697; x_wconf 91' lang='lat' dir='ltr'><strong>at</strong></span> <span class='ocrx_word' id='word_1_18' title='bbox 513 653 603 716; x_wconf 83' lang='lat' dir='ltr'><strong>aegre</strong></span> <span class='ocrx_word' id='word_1_19' title='bbox 618 634 798 718; x_wconf 82' lang='lat' dir='ltr'><strong>expeditus</strong></span> <span class='ocrx_word' id='word_1_20' title='bbox 814 636 909 701; x_wconf 89' lang='lat' dir='ltr'><strong>miles</strong></span> <span class='ocrx_word' id='word_1_21' title='bbox 923 640 1158 718; x_wconf 79' lang='lat' dir='ltr'><strong>tentabundus,</strong></span> <span class='ocrx_word' id='word_1_22' title='bbox 1174 662 1245 706; x_wconf 83' lang='lat' dir='ltr'><strong>tna·</strong></span> 
     </span>
     <span class='ocr_line' id='line_1_4' title="bbox 127 733 1244 822; baseline 0.013 -28"><span class='ocrx_word' id='word_1_23' title='bbox 127 733 467 817; x_wconf 85' lang='lat' dir='ltr'><strong>nibusqneretincus</strong></span> <span class='ocrx_word' id='word_1_24' title='bbox 483 736 692 817; x_wconf 76' lang='lat' dir='ltr'><strong>virgultnae</strong></span> <span class='ocrx_word' id='word_1_25' title='bbox 715 740 839 822; x_wconf 83' lang='lat' dir='ltr'>stirpes</span> <span class='ocrx_word' id='word_1_26' title='bbox 860 741 952 804; x_wconf 84' lang='lat' dir='ltr'><strong>eirea</strong></span> <span class='ocrx_word' id='word_1_27' title='bbox 973 741 1168 820; x_wconf 68' lang='lat' dir='ltr'><strong>eminentiae,</strong></span> <span class='ocrx_word' id='word_1_28' title='bbox 1185 742 1244 808; x_wconf 89' lang='lat' dir='ltr'><strong>de·</strong></span> 
     </span>
     <span class='ocr_line' id='line_1_5' title="bbox 129 835 1245 928; baseline 0.01 -31"><span class='ocrx_word' id='word_1_29' title='bbox 129 835 270 900; x_wconf 87' lang='lat' dir='ltr'><strong>mittere</strong></span> <span class='ocrx_word' id='word_1_30' title='bbox 285 856 362 899; x_wconf 87' lang='lat' dir='ltr'><strong>sese</strong></span> <span class='ocrx_word' id='word_1_31' title='bbox 376 836 519 920; x_wconf 67' lang='lat' dir='ltr'><strong>posset-⁸</strong></span> <span class='ocrx_word' id='word_1_32' title='bbox 561 836 697 902; x_wconf 88' lang='lat' dir='ltr'><strong>Natura</strong></span> <span class='ocrx_word' id='word_1_33' title='bbox 718 839 812 904; x_wconf 87' lang='lat' dir='ltr'><strong>locus</strong></span> <span class='ocrx_word' id='word_1_34' title='bbox 822 841 896 924; x_wconf 85' lang='lat' dir='ltr'><strong>jam</strong></span> <span class='ocrx_word' id='word_1_35' title='bbox 914 847 989 906; x_wconf 90' lang='lat' dir='ltr'><strong>ante</strong></span> <span class='ocrx_word' id='word_1_36' title='bbox 1013 861 1179 928; x_wconf 84' lang='lat' dir='ltr'><strong>praeceps,</strong></span> <span class='ocrx_word' id='word_1_37' title='bbox 1196 864 1245 908; x_wconf 89' lang='lat' dir='ltr'><strong>re·</strong></span> 
     </span>
     <span class='ocr_line' id='line_1_6' title="bbox 130 937 1246 1022; baseline 0.012 -23"><span class='ocrx_word' id='word_1_38' title='bbox 130 939 228 1000; x_wconf 77' lang='lat' dir='ltr'><strong>canti</strong></span> <span class='ocrx_word' id='word_1_39' title='bbox 253 937 354 1020; x_wconf 86' lang='lat' dir='ltr'><strong>lapsa</strong></span> <span class='ocrx_word' id='word_1_40' title='bbox 377 948 471 1002; x_wconf 75' lang='lat' dir='ltr'><strong>terrae</strong></span> <span class='ocrx_word' id='word_1_41' title='bbox 495 939 530 1002; x_wconf 90' lang='lat' dir='ltr'><strong>in</strong></span> <span class='ocrx_word' id='word_1_42' title='bbox 553 939 677 1022; x_wconf 85' lang='lat' dir='ltr'><strong>pedum</strong></span> <span class='ocrx_word' id='word_1_43' title='bbox 702 941 793 1005; x_wconf 92' lang='lat' dir='ltr'><strong>mille</strong></span> <span class='ocrx_word' id='word_1_44' title='bbox 811 943 991 1007; x_wconf 79' lang='lat' dir='ltr'><strong>admodum</strong></span> <span class='ocrx_word' id='word_1_45' title='bbox 1017 945 1246 1012; x_wconf 73' lang='lat' dir='ltr'><strong>altitudinem&#39;</strong></span> 
     </span>
     <span class='ocr_line' id='line_1_7' title="bbox 131 1039 1248 1128; baseline 0.009 -27"><span class='ocrx_word' id='word_1_46' title='bbox 131 1040 308 1121; x_wconf 81' lang='lat' dir='ltr'><strong>abruptus</strong></span> <span class='ocrx_word' id='word_1_47' title='bbox 324 1045 422 1103; x_wconf 81' lang='lat' dir='ltr'><strong>eiat.³</strong></span> <span class='ocrx_word' id='word_1_48' title='bbox 434 1039 501 1103; x_wconf 83' lang='lat' dir='ltr'><strong>&#39;lbi</strong></span> <span class='ocrx_word' id='word_1_49' title='bbox 526 1059 615 1118; x_wconf 89' lang='lat' dir='ltr'><strong>cum,</strong></span> <span class='ocrx_word' id='word_1_50' title='bbox 635 1041 727 1106; x_wconf 84' lang='lat' dir='ltr'><strong>velut</strong></span> <span class='ocrx_word' id='word_1_51' title='bbox 748 1041 907 1106; x_wconf 84' lang='lat' dir='ltr'><strong>adfinem</strong></span> <span class='ocrx_word' id='word_1_52' title='bbox 929 1045 1005 1121; x_wconf 80' lang='lat' dir='ltr'><strong>viae,</strong></span> <span class='ocrx_word' id='word_1_53' title='bbox 1017 1046 1149 1128; x_wconf 84' lang='lat' dir='ltr'><strong>equites</strong></span> <span class='ocrx_word' id='word_1_54' title='bbox 1166 1067 1248 1112; x_wconf 88' lang='lat' dir='ltr'><strong>eon·</strong></span> 
     </span>
     <span class='ocr_line' id='line_1_8' title="bbox 130 1141 1246 1230; baseline 0.009 -28"><span class='ocrx_word' id='word_1_55' title='bbox 130 1142 323 1220; x_wconf 80' lang='lat' dir='ltr'><strong>stitissent3</strong></span> <span class='ocrx_word' id='word_1_56' title='bbox 344 1142 477 1206; x_wconf 87' lang='lat' dir='ltr'><strong>miranti</strong></span> <span class='ocrx_word' id='word_1_57' title='bbox 504 1141 703 1221; x_wconf 76' lang='lat' dir='ltr'><strong>Hannibali,</strong></span> <span class='ocrx_word' id='word_1_58' title='bbox 728 1163 805 1228; x_wconf 90' lang='lat' dir='ltr'><strong>quae</strong></span> <span class='ocrx_word' id='word_1_59' title='bbox 829 1163 883 1208; x_wconf 82' lang='lat' dir='ltr'><strong>ree</strong></span> <span class='ocrx_word' id='word_1_60' title='bbox 912 1147 1092 1210; x_wconf 76' lang='lat' dir='ltr'><strong>moraretur</strong></span> <span class='ocrx_word' id='word_1_61' title='bbox 1116 1165 1246 1230; x_wconf 87' lang='lat' dir='ltr'><strong>agmen,</strong></span> 
     </span>
     <span class='ocr_line' id='line_1_9' title="bbox 131 1243 1247 1333; baseline 0.008 -29"><span class='ocrx_word' id='word_1_62' title='bbox 131 1245 326 1319; x_wconf 84' lang='lat' dir='ltr'><strong>nuntiatur,</strong></span> <span class='ocrx_word' id='word_1_63' title='bbox 353 1262 467 1326; x_wconf 85' lang='lat' dir='ltr'><strong>rupem</strong></span> <span class='ocrx_word' id='word_1_64' title='bbox 493 1243 620 1307; x_wconf 86' lang='lat' dir='ltr'><strong>inviam</strong></span> <span class='ocrx_word' id='word_1_65' title='bbox 645 1263 730 1310; x_wconf 84' lang='lat' dir='ltr'><strong>esse.</strong></span> <span class='ocrx_word' id='word_1_66' title='bbox 776 1246 985 1327; x_wconf 77' lang='lat' dir='ltr'><strong>Digressus4</strong></span> <span class='ocrx_word' id='word_1_67' title='bbox 1007 1246 1125 1311; x_wconf 87' lang='lat' dir='ltr'><strong>deinde</strong></span> <span class='ocrx_word' id='word_1_68' title='bbox 1146 1251 1247 1333; x_wconf 67' lang='lat' dir='ltr'><strong>ipse*</strong></span> 
     </span>
     <span class='ocr_line' id='line_1_10' title="bbox 134 1343 1249 1433; baseline 0.01 -28"><span class='ocrx_word' id='word_1_69' title='bbox 134 1344 182 1406; x_wconf 87' lang='lat' dir='ltr'><strong>ad</strong></span> <span class='ocrx_word' id='word_1_70' title='bbox 197 1343 312 1406; x_wconf 88' lang='lat' dir='ltr'><strong>locam</strong></span> <span class='ocrx_word' id='word_1_71' title='bbox 336 1343 521 1409; x_wconf 85' lang='lat' dir='ltr'><strong>visendum.</strong></span> <span class='ocrx_word' id='word_1_72' title='bbox 567 1345 670 1409; x_wconf 84' lang='lat' dir='ltr'><strong>Haud</strong></span> <span class='ocrx_word' id='word_1_73' title='bbox 695 1346 862 1412; x_wconf 88' lang='lat' dir='ltr'><strong>dubiares</strong></span> <span class='ocrx_word' id='word_1_74' title='bbox 879 1350 961 1426; x_wconf 85' lang='lat' dir='ltr'><strong>visa,</strong></span> <span class='ocrx_word' id='word_1_75' title='bbox 980 1349 1061 1433; x_wconf 90' lang='lat' dir='ltr'><strong>quin</strong></span> <span class='ocrx_word' id='word_1_76' title='bbox 1082 1351 1249 1432; x_wconf 81' lang='lat' dir='ltr'><strong>periuria</strong></span> 
     </span>
     <span class='ocr_line' id='line_1_11' title="bbox 135 1446 1276 1531; baseline 0.009 -24"><span class='ocrx_word' id='word_1_77' title='bbox 135 1447 232 1508; x_wconf 86' lang='lat' dir='ltr'><strong>circe</strong></span> <span class='ocrx_word' id='word_1_78' title='bbox 243 1464 310 1508; x_wconf 90' lang='lat' dir='ltr'><strong>nec</strong></span> <span class='ocrx_word' id='word_1_79' title='bbox 325 1446 404 1510; x_wconf 85' lang='lat' dir='ltr'><strong>trita</strong></span> <span class='ocrx_word' id='word_1_80' title='bbox 417 1456 528 1522; x_wconf 82' lang='lat' dir='ltr'><strong>antea,</strong></span> <span class='ocrx_word' id='word_1_81' title='bbox 543 1450 700 1530; x_wconf 83' lang='lat' dir='ltr'><strong>quamvis</strong></span> <span class='ocrx_word' id='word_1_82' title='bbox 715 1450 816 1531; x_wconf 81' lang='lat' dir='ltr'><strong>longo</strong></span> <span class='ocrx_word' id='word_1_83' title='bbox 832 1451 970 1526; x_wconf 88' lang='lat' dir='ltr'><strong>ambitu,</strong></span> <span class='ocrx_word' id='word_1_84' title='bbox 985 1449 1249 1518; x_wconf 80' lang='lat' dir='ltr'><strong>circumduceret</strong></span> <span class='ocrx_word' id='word_1_85' title='bbox 1273 1457 1276 1463; x_wconf 72' lang='grc'>“</span> 
     </span>
     <span class='ocr_line' id='line_1_12' title="bbox 136 1547 1249 1636; baseline 0.009 -28"><span class='ocrx_word' id='word_1_86' title='bbox 136 1547 285 1629; x_wconf 63' lang='lat' dir='ltr'><strong>agmen!</strong></span> <span class='ocrx_word' id='word_1_87' title='bbox 310 1547 471 1611; x_wconf 82' lang='lat' dir='ltr'><strong>&#39;Eavero</strong></span> <span class='ocrx_word' id='word_1_88' title='bbox 487 1549 544 1612; x_wconf 83' lang='lat' dir='ltr'><strong>via</strong></span> <span class='ocrx_word' id='word_1_89' title='bbox 567 1550 804 1632; x_wconf 83' lang='lat' dir='ltr'><strong>insuperabilis</strong></span> <span class='ocrx_word' id='word_1_90' title='bbox 824 1550 901 1614; x_wconf 84' lang='lat' dir='ltr'><strong>luit.</strong></span> <span class='ocrx_word' id='word_1_91' title='bbox 944 1550 1127 1617; x_wconf 82' lang='lat' dir='ltr'><strong>Nemeum</strong></span> <span class='ocrx_word' id='word_1_92' title='bbox 1147 1573 1249 1636; x_wconf 86' lang='lat' dir='ltr'><strong>super</strong></span> 
     </span>
     <span class='ocr_line' id='line_1_13' title="bbox 136 1649 1248 1733; baseline 0.006 -22"><span class='ocrx_word' id='word_1_93' title='bbox 136 1658 289 1712; x_wconf 81' lang='lat' dir='ltr'><strong>veterem</strong></span> <span class='ocrx_word' id='word_1_94' title='bbox 316 1649 429 1712; x_wconf 86' lang='lat' dir='ltr'><strong>nivem</strong></span> <span class='ocrx_word' id='word_1_95' title='bbox 451 1650 635 1713; x_wconf 81' lang='lat' dir='ltr'><strong>intactam⁵</strong></span> <span class='ocrx_word' id='word_1_96' title='bbox 667 1667 755 1714; x_wconf 84' lang='lat' dir='ltr'><strong>nova</strong></span> <span class='ocrx_word' id='word_1_97' title='bbox 775 1651 916 1718; x_wconf 82' lang='lat' dir='ltr'><strong>modicae</strong></span> <span class='ocrx_word' id='word_1_98' title='bbox 937 1652 1126 1717; x_wconf 82' lang='lat' dir='ltr'><strong>altitudinis</strong></span> <span class='ocrx_word' id='word_1_99' title='bbox 1145 1660 1248 1733; x_wconf 79' lang='lat' dir='ltr'><strong>esset,</strong></span> 
     </span>
     <span class='ocr_line' id='line_1_14' title="bbox 137 1751 1250 1835; baseline 0.007 -23"><span class='ocrx_word' id='word_1_100' title='bbox 137 1751 239 1814; x_wconf 91' lang='lat' dir='ltr'><strong>molli</strong></span> <span class='ocrx_word' id='word_1_101' title='bbox 255 1751 480 1835; x_wconf 79' lang='lat' dir='ltr'><strong>necpraealtoe</strong></span> <span class='ocrx_word' id='word_1_102' title='bbox 500 1753 569 1816; x_wconf 85' lang='lat' dir='ltr'><strong>nivi</strong></span> <span class='ocrx_word' id='word_1_103' title='bbox 583 1752 683 1816; x_wconf 80' lang='lat' dir='ltr'><strong>facile</strong></span> <span class='ocrx_word' id='word_1_104' title='bbox 700 1751 806 1835; x_wconf 87' lang='lat' dir='ltr'><strong>pedes</strong></span> <span class='ocrx_word' id='word_1_105' title='bbox 831 1753 1089 1835; x_wconf 79' lang='lat' dir='ltr'><strong>ingredientium</strong></span> <span class='ocrx_word' id='word_1_106' title='bbox 1114 1756 1250 1820; x_wconf 86' lang='lat' dir='ltr'><strong>insiste·</strong></span> 
     </span>
    </p>
   </div>
   <div class='ocr_carea' id='block_1_3' title="bbox 139 1927 1251 2108">
    <p class='ocr_par' dir='ltr' id='par_1_3' title="bbox 139 1927 1251 2108">
     <span class='ocr_line' id='line_1_15' title="bbox 173 1927 1251 1995; baseline 0.002 -17"><span class='ocrx_word' id='word_1_107' title='bbox 173 1927 189 1960; x_wconf 81' lang='lat'><strong>¹¹</strong></span> <span class='ocrx_word' id='word_1_108' title='bbox 209 1929 406 1995; x_wconf 66' lang='lat' dir='ltr'><strong>viomadum,</strong></span> <span class='ocrx_word' id='word_1_109' title='bbox 416 1928 647 1994; x_wconf 65' lang='lat' dir='ltr'><strong>aumaspediii,</strong></span> <span class='ocrx_word' id='word_1_110' title='bbox 659 1929 811 1991; x_wconf 71' lang='lat' dir='ltr'><strong>explorando,</strong></span> <span class='ocrx_word' id='word_1_111' title='bbox 830 1935 853 1977; x_wconf 80' lang='lat' dir='ltr'><strong>et</strong></span> <span class='ocrx_word' id='word_1_112' title='bbox 870 1929 990 1980; x_wconf 72' lang='lat' dir='ltr'><strong>radicibus</strong></span> <span class='ocrx_word' id='word_1_113' title='bbox 1008 1930 1072 1994; x_wconf 78' lang='lat' dir='ltr'><strong>(qua</strong></span> <span class='ocrx_word' id='word_1_114' title='bbox 1086 1931 1154 1992; x_wconf 80' lang='lat' dir='ltr'><strong>sarta</strong></span> <span class='ocrx_word' id='word_1_115' title='bbox 1164 1932 1251 1980; x_wconf 78' lang='lat' dir='ltr'><strong>circum</strong></span> 
     </span>
     <span class='ocr_line' id='line_1_16' title="bbox 139 1993 1251 2108; baseline 0.002 -66"><span class='ocrx_word' id='word_1_116' title='bbox 139 1993 404 2108; x_wconf 43' lang='lat' dir='ltr'><strong>mmmmm</strong></span> <span class='ocrx_word' id='word_1_117' title='bbox 412 2011 483 2045; x_wconf 74' lang='lat' dir='ltr'><strong>manu</strong></span> <span class='ocrx_word' id='word_1_118' title='bbox 493 1994 654 2058; x_wconf 67' lang='lat' dir='ltr'><strong>nemetensis,</strong></span> <span class='ocrx_word' id='word_1_119' title='bbox 663 2007 690 2040; x_wconf 79' lang='lat' dir='ltr'><strong>se</strong></span> <span class='ocrx_word' id='word_1_120' title='bbox 699 1994 807 2042; x_wconf 78' lang='lat' dir='ltr'><strong>deorsum</strong></span> <span class='ocrx_word' id='word_1_121' title='bbox 818 1993 929 2043; x_wconf 82' lang='lat' dir='ltr'><strong>millmdi</strong></span> <span class='ocrx_word' id='word_1_122' title='bbox 938 2011 966 2044; x_wconf 80' lang='lat' dir='ltr'><strong>aa</strong></span> <span class='ocrx_word' id='word_1_123' title='bbox 980 1995 1135 2045; x_wconf 78' lang='lat' dir='ltr'><strong>descendendi</strong></span> <span class='ocrx_word' id='word_1_124' title='bbox 1143 1995 1251 2055; x_wconf 81' lang='lat' dir='ltr'><strong>faculta-</strong></span> 
     </span>
    </p>
   </div>
   <div class='ocr_carea' id='block_1_4' title="bbox 176 2119 1016 2187">
    <p class='ocr_par' dir='ltr' id='par_1_4' title="bbox 176 2119 1016 2187">
     <span class='ocr_line' id='line_1_17' title="bbox 176 2119 1016 2187; baseline 0.004 -17"><span class='ocrx_word' id='word_1_125' title='bbox 176 2119 186 2152; x_wconf 59' lang='grc' dir='ltr'>ί</span> <span class='ocrx_word' id='word_1_126' title='bbox 204 2123 264 2171; x_wconf 79' lang='lat' dir='ltr'><strong>Nm</strong></span> <span class='ocrx_word' id='word_1_127' title='bbox 271 2124 391 2175; x_wconf 75' lang='lat' dir='ltr'><strong>dubitavit</strong></span> <span class='ocrx_word' id='word_1_128' title='bbox 400 2124 458 2187; x_wconf 76' lang='lat' dir='ltr'><strong>quis</strong></span> <span class='ocrx_word' id='word_1_129' title='bbox 466 2125 546 2186; x_wconf 79' lang='lat' dir='ltr'><strong>sapius</strong></span> <span class='ocrx_word' id='word_1_130' title='bbox 556 2130 631 2176; x_wconf 83' lang='lat' dir='ltr'><strong>retra,</strong></span> <span class='ocrx_word' id='word_1_131' title='bbox 640 2126 683 2170; x_wconf 82' lang='lat' dir='ltr'><strong>aut</strong></span> <span class='ocrx_word' id='word_1_132' title='bbox 695 2123 720 2170; x_wconf 81' lang='lat' dir='ltr'><strong>is</strong></span> <span class='ocrx_word' id='word_1_133' title='bbox 730 2121 809 2170; x_wconf 84' lang='lat' dir='ltr'><strong>orbem</strong></span> <span class='ocrx_word' id='word_1_134' title='bbox 818 2123 903 2172; x_wconf 79' lang='lat' dir='ltr'><strong>ducere</strong></span> <span class='ocrx_word' id='word_1_135' title='bbox 913 2124 1016 2173; x_wconf 77' lang='lat' dir='ltr'><strong>deierat.</strong></span> 
     </span>
    </p>
   </div>
   <div class='ocr_carea' id='block_1_5' title="bbox 610 2265 790 2286">
    <p class='ocr_par' dir='ltr' id='par_1_5' title="bbox 610 2265 790 2286">
     <span class='ocr_line' id='line_1_18' title="bbox 610 2265 790 2286; baseline -0.006 0"><span class='ocrx_word' id='word_1_136' title='bbox 610 2265 790 2286; x_wconf 64' lang='lat' dir='ltr'><strong>mmm}</strong></span> 
     </span>
    </p>
   </div>
   <div class='ocr_carea' id='block_1_6' title="bbox 144 2365 1251 2493">
    <p class='ocr_par' dir='ltr' id='par_1_6' title="bbox 144 2365 1251 2493">
     <span class='ocr_line' id='line_1_19' title="bbox 144 2365 1251 2432; baseline 0.004 -19"><span class='ocrx_word' id='word_1_137' title='bbox 144 2379 165 2414; x_wconf 89' lang='lat' dir='ltr'><strong>r.</strong></span> <span class='ocrx_word' id='word_1_138' title='bbox 179 2369 202 2414; x_wconf 88' lang='lat' dir='ltr'><strong>t.</strong></span> <span class='ocrx_word' id='word_1_139' title='bbox 213 2369 256 2413; x_wconf 84' lang='lat' dir='ltr'><strong>et.</strong></span> <span class='ocrx_word' id='word_1_140' title='bbox 274 2371 340 2415; x_wconf 80' lang='lat' dir='ltr'><strong>‘sut</strong></span> <span class='ocrx_word' id='word_1_141' title='bbox 356 2366 423 2416; x_wconf 86' lang='lat' dir='ltr'><strong>alius</strong></span> <span class='ocrx_word' id='word_1_142' title='bbox 440 2381 517 2416; x_wconf 76' lang='lat' dir='ltr'><strong>suus</strong></span> <span class='ocrx_word' id='word_1_143' title='bbox 528 2368 598 2415; x_wconf 83' lang='lat' dir='ltr'><strong>lecto</strong></span> <span class='ocrx_word' id='word_1_144' title='bbox 611 2373 637 2416; x_wconf 87' lang='lat' dir='ltr'><strong>te</strong></span> <span class='ocrx_word' id='word_1_145' title='bbox 647 2365 750 2430; x_wconf 79' lang='lat' dir='ltr'><strong>affixit,&#39;</strong></span> <span class='ocrx_word' id='word_1_146' title='bbox 762 2365 805 2416; x_wconf 88' lang='lat' dir='ltr'><strong>ubi</strong></span> <span class='ocrx_word' id='word_1_147' title='bbox 817 2367 843 2416; x_wconf 92' lang='lat' dir='ltr'><strong>in</strong></span> <span class='ocrx_word' id='word_1_148' title='bbox 856 2366 943 2415; x_wconf 87' lang='lat' dir='ltr'><strong>multis</strong></span> <span class='ocrx_word' id='word_1_149' title='bbox 959 2366 1021 2416; x_wconf 71' lang='grc' dir='ltr'><strong>Μαι.</strong></span> <span class='ocrx_word' id='word_1_150' title='bbox 1033 2372 1061 2417; x_wconf 83' lang='lat' dir='ltr'><strong>et</strong></span> <span class='ocrx_word' id='word_1_151' title='bbox 1072 2367 1139 2417; x_wconf 86' lang='lat' dir='ltr'><strong>Edd.</strong></span> <span class='ocrx_word' id='word_1_152' title='bbox 1153 2368 1251 2432; x_wconf 79' lang='lat' dir='ltr'><strong>legitur</strong></span> 
     </span>
     <span class='ocr_line' id='line_1_20' title="bbox 144 2429 368 2493; baseline 0.004 -16"><span class='ocrx_word' id='word_1_153' title='bbox 144 2429 255 2493; x_wconf 62' lang='lat' dir='ltr'><strong>afflixit!</strong></span> <span class='ocrx_word' id='word_1_154' title='bbox 270 2430 368 2479; x_wconf 84' lang='lat' dir='ltr'><strong>Stratis.</strong></span> 
     </span>
    </p>
   </div>
   <div class='ocr_carea' id='block_1_7' title="bbox 145 2492 1316 2813">
    <p class='ocr_par' dir='ltr' id='par_1_7' title="bbox 145 2492 1316 2813">
     <span class='ocr_line' id='line_1_21' title="bbox 179 2492 1254 2558; baseline 0.005 -18"><span class='ocrx_word' id='word_1_155' title='bbox 179 2495 195 2540; x_wconf 75' lang='grc'>3</span> <span class='ocrx_word' id='word_1_156' title='bbox 212 2499 220 2521; x_wconf 82' lang='lat'><strong><em>⁴</em></strong></span> <span class='ocrx_word' id='word_1_157' title='bbox 231 2492 264 2541; x_wconf 91' lang='lat' dir='ltr'><strong>ln</strong></span> <span class='ocrx_word' id='word_1_158' title='bbox 281 2495 387 2557; x_wconf 82' lang='lat' dir='ltr'><strong>optimis</strong></span> <span class='ocrx_word' id='word_1_159' title='bbox 401 2494 466 2542; x_wconf 87' lang='lat' dir='ltr'><strong>Mss.</strong></span> <span class='ocrx_word' id='word_1_160' title='bbox 477 2497 545 2558; x_wconf 73' lang='lat' dir='ltr'><strong>lapsu</strong></span> <span class='ocrx_word' id='word_1_161' title='bbox 559 2499 630 2543; x_wconf 82' lang='lat' dir='ltr'><strong>terra</strong></span> <span class='ocrx_word' id='word_1_162' title='bbox 640 2494 767 2556; x_wconf 77' lang='lat' dir='ltr'><strong>impeditus</strong></span> <span class='ocrx_word' id='word_1_163' title='bbox 776 2496 832 2542; x_wconf 87' lang='lat' dir='ltr'><strong>dum</strong></span> <span class='ocrx_word' id='word_1_164' title='bbox 842 2495 883 2542; x_wconf 85' lang='lat' dir='ltr'><strong>ille</strong></span> <span class='ocrx_word' id='word_1_165' title='bbox 893 2495 1017 2544; x_wconf 76' lang='lat' dir='ltr'><strong>admodum</strong></span> <span class='ocrx_word' id='word_1_166' title='bbox 1028 2511 1051 2542; x_wconf 87' lang='lat' dir='ltr'><strong>a.</strong></span> <span class='ocrx_word' id='word_1_167' title='bbox 1062 2512 1085 2546; x_wconf 87' lang='lat' dir='ltr'><strong>a.</strong></span> <span class='ocrx_word' id='word_1_168' title='bbox 1097 2511 1118 2544; x_wconf 83' lang='lat' dir='ltr'><strong>s.</strong></span> <span class='ocrx_word' id='word_1_169' title='bbox 1131 2504 1158 2544; x_wconf 81' lang='lat' dir='ltr'><strong>at</strong></span> <span class='ocrx_word' id='word_1_170' title='bbox 1169 2496 1196 2546; x_wconf 88' lang='lat' dir='ltr'><strong>in</strong></span> <span class='ocrx_word' id='word_1_171' title='bbox 1214 2511 1254 2545; x_wconf 88' lang='lat' dir='ltr'><strong>re·</strong></span> 
     </span>
     <span class='ocr_line' id='line_1_22' title="bbox 146 2557 1254 2622; baseline 0.005 -17"><span class='ocrx_word' id='word_1_172' title='bbox 146 2557 304 2606; x_wconf 71' lang='lat' dir='ltr'><strong>cautissimis</strong></span> <span class='ocrx_word' id='word_1_173' title='bbox 316 2567 343 2608; x_wconf 85' lang='lat' dir='ltr'><strong>ct</strong></span> <span class='ocrx_word' id='word_1_174' title='bbox 356 2559 520 2619; x_wconf 85' lang='lat' dir='ltr'><strong>interpolatis</strong></span> <span class='ocrx_word' id='word_1_175' title='bbox 529 2558 606 2606; x_wconf 84' lang='lat' dir='ltr'><strong>codd.</strong></span> <span class='ocrx_word' id='word_1_176' title='bbox 618 2560 686 2618; x_wconf 71' lang='lat' dir='ltr'><strong>bpsu</strong></span> <span class='ocrx_word' id='word_1_177' title='bbox 696 2565 769 2604; x_wconf 78' lang='lat' dir='ltr'><strong>terra</strong></span> <span class='ocrx_word' id='word_1_178' title='bbox 779 2557 907 2616; x_wconf 79' lang='lat' dir='ltr'><strong>impeditus</strong></span> <span class='ocrx_word' id='word_1_179' title='bbox 917 2559 1027 2620; x_wconf 84' lang='lat' dir='ltr'><strong>(iuvius,</strong></span> <span class='ocrx_word' id='word_1_180' title='bbox 1038 2560 1183 2622; x_wconf 83' lang='lat' dir='ltr'><strong>impediens</strong></span> <span class='ocrx_word' id='word_1_181' title='bbox 1200 2561 1254 2610; x_wconf 81' lang='lat' dir='ltr'><strong>vla-</strong></span> 
     </span>
     <span class='ocr_line' id='line_1_23' title="bbox 146 2619 1255 2682; baseline 0.005 -14"><span class='ocrx_word' id='word_1_182' title='bbox 146 2620 242 2680; x_wconf 76' lang='lat' dir='ltr'><strong>torss,)</strong></span> <span class='ocrx_word' id='word_1_183' title='bbox 258 2622 285 2668; x_wconf 86' lang='lat' dir='ltr'><strong>iss</strong></span> <span class='ocrx_word' id='word_1_184' title='bbox 301 2624 387 2670; x_wconf 83' lang='lat' dir='ltr'><strong>miram</strong></span> <span class='ocrx_word' id='word_1_185' title='bbox 405 2623 446 2669; x_wconf 84' lang='lat' dir='ltr'><strong>rel</strong></span> <span class='ocrx_word' id='word_1_186' title='bbox 463 2623 596 2669; x_wconf 74' lang='lat' dir='ltr'><strong>mirandam</strong></span> <span class='ocrx_word' id='word_1_187' title='bbox 606 2621 729 2667; x_wconf 74' lang='lat' dir='ltr'><strong>admodum</strong></span> <span class='ocrx_word' id='word_1_188' title='bbox 744 2633 767 2666; x_wconf 84' lang='lat' dir='ltr'><strong>a.</strong></span> <span class='ocrx_word' id='word_1_189' title='bbox 801 2619 870 2680; x_wconf 84' lang='lat' dir='ltr'><strong>Huc,</strong></span> <span class='ocrx_word' id='word_1_190' title='bbox 883 2619 951 2682; x_wconf 85' lang='lat' dir='ltr'><strong>qttod</strong></span> <span class='ocrx_word' id='word_1_191' title='bbox 964 2619 1110 2672; x_wconf 87' lang='lat' dir='ltr'><strong>dssuruturn</strong></span> <span class='ocrx_word' id='word_1_192' title='bbox 1124 2623 1226 2673; x_wconf 82' lang='lat' dir='ltr'><strong>videtur</strong></span> <span class='ocrx_word' id='word_1_193' title='bbox 1238 2640 1255 2674; x_wconf 89' lang='lat' dir='ltr'><strong>e</strong></span> 
     </span>
     <span class='ocr_line' id='line_1_24' title="bbox 145 2682 1316 2748; baseline 0.004 -15"><span class='ocrx_word' id='word_1_194' title='bbox 145 2683 203 2734; x_wconf 83' lang='lat' dir='ltr'><strong>Cic.</strong></span> <span class='ocrx_word' id='word_1_195' title='bbox 220 2687 299 2733; x_wconf 76' lang='lat' dir='ltr'><strong>Vara.</strong></span> <span class='ocrx_word' id='word_1_196' title='bbox 312 2687 389 2734; x_wconf 61' lang='lat' dir='ltr'><strong>mit.</strong></span> <span class='ocrx_word' id='word_1_197' title='bbox 407 2683 520 2746; x_wconf 82' lang='lat' dir='ltr'><strong>probant</strong></span> <span class='ocrx_word' id='word_1_198' title='bbox 536 2685 622 2745; x_wconf 80' lang='lat' dir='ltr'><strong>Sigon.</strong></span> <span class='ocrx_word' id='word_1_199' title='bbox 636 2692 663 2730; x_wconf 82' lang='lat' dir='ltr'><strong>et</strong></span> <span class='ocrx_word' id='word_1_200' title='bbox 676 2683 728 2730; x_wconf 86' lang='lat' dir='ltr'><strong>Str.</strong></span> <span class='ocrx_word' id='word_1_201' title='bbox 766 2682 819 2731; x_wconf 87' lang='lat' dir='ltr'><strong>Nos</strong></span> <span class='ocrx_word' id='word_1_202' title='bbox 837 2683 997 2732; x_wconf 76' lang='lat' dir='ltr'><strong>servavimus</strong></span> <span class='ocrx_word' id='word_1_203' title='bbox 1013 2687 1143 2736; x_wconf 85' lang='lat' dir='ltr'><strong>emendat.</strong></span> <span class='ocrx_word' id='word_1_204' title='bbox 1160 2689 1255 2748; x_wconf 75' lang='lat' dir='ltr'><strong>Vallae5</strong></span> <span class='ocrx_word' id='word_1_205' title='bbox 1315 2691 1316 2694; x_wconf 76' lang='grc'>’</span> 
     </span>
     <span class='ocr_line' id='line_1_25' title="bbox 145 2743 1254 2813; baseline 0.004 -15"><span class='ocrx_word' id='word_1_206' title='bbox 145 2761 224 2812; x_wconf 81' lang='lat' dir='ltr'><strong>anam</strong></span> <span class='ocrx_word' id='word_1_207' title='bbox 235 2747 331 2796; x_wconf 84' lang='lat' dir='ltr'><strong>lirmut.</strong></span> <span class='ocrx_word' id='word_1_208' title='bbox 344 2748 436 2812; x_wconf 74' lang='lat' dir='ltr'><strong>Polyb.</strong></span> <span class='ocrx_word' id='word_1_209' title='bbox 450 2753 545 2804; x_wconf 49' lang='lat' dir='ltr'><strong>staret.</strong></span> <span class='ocrx_word' id='word_1_210' title='bbox 557 2745 647 2808; x_wconf 66' lang='grc' dir='ltr'><strong>σχεδὸν</strong></span> <span class='ocrx_word' id='word_1_211' title='bbox 658 2744 696 2794; x_wconf 77' lang='lat' dir='ltr'><strong>lsi</strong></span> <span class='ocrx_word' id='word_1_212' title='bbox 706 2743 761 2804; x_wconf 71' lang='lat' dir='ltr'><strong>rata</strong></span> <span class='ocrx_word' id='word_1_213' title='bbox 770 2744 896 2804; x_wconf 69' lang='lat' dir='ltr'><strong>almariam</strong></span> <span class='ocrx_word' id='word_1_214' title='bbox 908 2749 952 2804; x_wconf 70' lang='lat' dir='ltr'><strong>ris</strong></span> <span class='ocrx_word' id='word_1_215' title='bbox 968 2747 1106 2812; x_wconf 70' lang='grc' dir='ltr'><strong>ἀπορρῶγος</strong></span> <span class='ocrx_word' id='word_1_216' title='bbox 1120 2752 1254 2813; x_wconf 76' lang='lat' dir='ltr'><strong>(abruptis</strong></span> 
     </span>
    </p>
   </div>
   <div class='ocr_carea' id='block_1_8' title="bbox 144 2809 1256 2939">
    <p class='ocr_par' dir='ltr' id='par_1_8' title="bbox 144 2809 1256 2939">
     <span class='ocr_line' id='line_1_26' title="bbox 147 2809 1254 2876; baseline 0.005 -17"><span class='ocrx_word' id='word_1_217' title='bbox 147 2813 235 2874; x_wconf 77' lang='lat' dir='ltr'><strong>rupis)</strong></span> <span class='ocrx_word' id='word_1_218' title='bbox 244 2812 284 2862; x_wconf 78' lang='lat' dir='ltr'><strong>sal</strong></span> <span class='ocrx_word' id='word_1_219' title='bbox 295 2812 341 2876; x_wconf 74' lang='grc' dir='ltr'><strong>πρὸ</strong></span> <span class='ocrx_word' id='word_1_220' title='bbox 350 2813 395 2860; x_wconf 73' lang='lat' dir='ltr'><strong>sai</strong></span> <span class='ocrx_word' id='word_1_221' title='bbox 402 2811 448 2871; x_wconf 74' lang='lat' dir='ltr'><strong>uls</strong></span> <span class='ocrx_word' id='word_1_222' title='bbox 457 2813 537 2870; x_wconf 64' lang='lat' dir='ltr'><strong>odoris,</strong></span> <span class='ocrx_word' id='word_1_223' title='bbox 548 2811 606 2861; x_wconf 79' lang='grc' dir='ltr'><strong>τότε</strong></span> <span class='ocrx_word' id='word_1_224' title='bbox 616 2810 642 2860; x_wconf 70' lang='lat' dir='ltr'><strong>di</strong></span> <span class='ocrx_word' id='word_1_225' title='bbox 653 2809 692 2860; x_wconf 77' lang='lat' dir='ltr'><strong>saal</strong></span> <span class='ocrx_word' id='word_1_226' title='bbox 701 2812 797 2870; x_wconf 77' lang='grc' dir='ltr'>μᾶλλον</span> <span class='ocrx_word' id='word_1_227' title='bbox 808 2809 844 2859; x_wconf 67' lang='grc' dir='ltr'><strong>ἔτι</strong></span> <span class='ocrx_word' id='word_1_228' title='bbox 855 2811 997 2873; x_wconf 72' lang='grc' dir='ltr'><strong><em>προσφάτως</em></strong></span> <span class='ocrx_word' id='word_1_229' title='bbox 1008 2814 1185 2876; x_wconf 64' lang='lat' dir='ltr'><strong>drsdduyvlas!</strong></span> <span class='ocrx_word' id='word_1_230' title='bbox 1202 2817 1254 2866; x_wconf 80' lang='lat' dir='ltr'><strong>lta-</strong></span> 
     </span>
     <span class='ocr_line' id='line_1_27' title="bbox 144 2875 1256 2939; baseline -0.004 -13"><span class='ocrx_word' id='word_1_231' title='bbox 144 2883 206 2939; x_wconf 76' lang='lat' dir='ltr'><strong>pert.</strong></span> <span class='ocrx_word' id='word_1_232' title='bbox 219 2876 280 2926; x_wconf 79' lang='lat' dir='ltr'><strong>vta.</strong></span> <span class='ocrx_word' id='word_1_233' title='bbox 297 2877 361 2926; x_wconf 85' lang='lat' dir='ltr'><strong>Not·</strong></span> <span class='ocrx_word' id='word_1_234' title='bbox 376 2879 489 2926; x_wconf 69' lang='lat' dir='ltr'><strong>Vsa-4</strong></span> <span class='ocrx_word' id='word_1_235' title='bbox 508 2878 637 2926; x_wconf 81' lang='lat' dir='ltr'><strong>Emendat</strong></span> <span class='ocrx_word' id='word_1_236' title='bbox 649 2877 747 2924; x_wconf 78' lang='lat' dir='ltr'><strong>Bauer.</strong></span> <span class='ocrx_word' id='word_1_237' title='bbox 759 2877 890 2936; x_wconf 73' lang='lat' dir='ltr'><strong>degressus.</strong></span> <span class='ocrx_word' id='word_1_238' title='bbox 924 2877 998 2939; x_wconf 85' lang='lat' dir='ltr'><strong>Conj.</strong></span> <span class='ocrx_word' id='word_1_239' title='bbox 1012 2875 1038 2928; x_wconf 86' lang='lat' dir='ltr'><strong>J.</strong></span> <span class='ocrx_word' id='word_1_240' title='bbox 1050 2879 1079 2928; x_wconf 79' lang='lat' dir='ltr'><strong>F.</strong></span> <span class='ocrx_word' id='word_1_241' title='bbox 1093 2879 1206 2928; x_wconf 74' lang='lat' dir='ltr'><strong>Gronov.</strong></span> <span class='ocrx_word' id='word_1_242' title='bbox 1217 2883 1256 2929; x_wconf 67' lang='lat' dir='ltr'><strong>aa.</strong></span> 
     </span>
    </p>
   </div>
   <div class='ocr_carea' id='block_1_9' title="bbox 146 2941 1255 3007">
    <p class='ocr_par' dir='ltr' id='par_1_9' title="bbox 146 2941 1255 3007">
     <span class='ocr_line' id='line_1_28' title="bbox 146 2941 1255 3007; baseline 0.004 -16"><span class='ocrx_word' id='word_1_243' title='bbox 146 2955 230 3007; x_wconf 72' lang='lat' dir='ltr'><strong>grem</strong></span> <span class='ocrx_word' id='word_1_244' title='bbox 246 2942 332 2991; x_wconf 76' lang='lat' dir='ltr'><strong>deinde</strong></span> <span class='ocrx_word' id='word_1_245' title='bbox 348 2943 396 3006; x_wconf 73' lang='lat' dir='ltr'><strong>ipsi</strong></span> <span class='ocrx_word' id='word_1_246' title='bbox 410 2943 442 2992; x_wconf 87' lang='lat' dir='ltr'><strong>ad</strong></span> <span class='ocrx_word' id='word_1_247' title='bbox 457 2943 533 2991; x_wconf 75' lang='lat' dir='ltr'><strong>boam</strong></span> <span class='ocrx_word' id='word_1_248' title='bbox 548 2941 670 2991; x_wconf 67' lang='grc' dir='ltr'><strong><em>υἰκιάω</em></strong></span> <span class='ocrx_word' id='word_1_249' title='bbox 682 2941 745 2988; x_wconf 86' lang='lat' dir='ltr'><strong>laud</strong></span> <span class='ocrx_word' id='word_1_250' title='bbox 755 2941 827 2989; x_wconf 77' lang='lat' dir='ltr'><strong>dubia</strong></span> <span class='ocrx_word' id='word_1_251' title='bbox 837 2954 876 2988; x_wconf 86' lang='lat' dir='ltr'><strong>res</strong></span> <span class='ocrx_word' id='word_1_252' title='bbox 886 2941 946 2999; x_wconf 87' lang='lat' dir='ltr'><strong>aisa,</strong></span> <span class='ocrx_word' id='word_1_253' title='bbox 956 2943 1045 3003; x_wconf 68' lang='lat' dir='ltr'><strong>tra-5</strong></span> <span class='ocrx_word' id='word_1_254' title='bbox 1065 2942 1182 2993; x_wconf 80' lang='lat' dir='ltr'><strong>Mulebst</strong></span> <span class='ocrx_word' id='word_1_255' title='bbox 1194 2945 1255 2995; x_wconf 68' lang='lat' dir='ltr'><strong>crea</strong></span> 
     </span>
    </p>
   </div>
   <div class='ocr_carea' id='block_1_10' title="bbox 646 3085 759 3137">
    <p class='ocr_par' dir='ltr' id='par_1_10' title="bbox 646 3085 759 3137">
     <span class='ocr_line' id='line_1_29' title="bbox 646 3085 759 3137; baseline -0.018 0"><span class='ocrx_word' id='word_1_256' title='bbox 646 3085 759 3137; x_wconf 78' lang='lat' dir='ltr'>NOTAE</span> 
     </span>
    </p>
   </div>
   <div class='ocr_carea' id='block_1_11' title="bbox 147 3181 1260 4320">
    <p class='ocr_par' dir='ltr' id='par_1_11' title="bbox 147 3181 1260 4320">
     <span class='ocr_line' id='line_1_30' title="bbox 147 3181 1258 3249; baseline 0 -15"><span class='ocrx_word' id='word_1_257' title='bbox 147 3185 317 3234; x_wconf 83' lang='lat' dir='ltr'><strong>latitudinem</strong></span> <span class='ocrx_word' id='word_1_258' title='bbox 351 3185 472 3236; x_wconf 80' lang='lat' dir='ltr'><strong>ridentur</strong></span> <span class='ocrx_word' id='word_1_259' title='bbox 503 3184 683 3249; x_wconf 73' lang='lat' dir='ltr'><strong>intelligenda.</strong></span> <span class='ocrx_word' id='word_1_260' title='bbox 724 3181 805 3232; x_wconf 81' lang='lat' dir='ltr'><strong>fuisse</strong></span> <span class='ocrx_word' id='word_1_261' title='bbox 815 3181 930 3232; x_wconf 85' lang='lat' dir='ltr'><strong>ruinam:</strong></span> <span class='ocrx_word' id='word_1_262' title='bbox 945 3183 1041 3232; x_wconf 85' lang='lat' dir='ltr'><strong>Noster</strong></span> <span class='ocrx_word' id='word_1_263' title='bbox 1051 3183 1114 3232; x_wconf 85' lang='lat' dir='ltr'><strong>mille</strong></span> <span class='ocrx_word' id='word_1_264' title='bbox 1123 3185 1258 3246; x_wconf 86' lang='lat' dir='ltr'><strong>admodum,</strong></span> 
     </span>
     <span class='ocr_line' id='line_1_31' title="bbox 148 3258 1256 3323; baseline -0.002 -12"><span class='ocrx_word' id='word_1_265' title='bbox 148 3261 210 3311; x_wconf 72' lang='lat' dir='ltr'><strong>‘luo</strong></span> <span class='ocrx_word' id='word_1_266' title='bbox 232 3261 319 3322; x_wconf 85' lang='lat' dir='ltr'><strong>posito</strong></span> <span class='ocrx_word' id='word_1_267' title='bbox 339 3260 408 3310; x_wconf 82' lang='lat' dir='ltr'><strong>idem</strong></span> <span class='ocrx_word' id='word_1_268' title='bbox 427 3269 506 3311; x_wconf 86' lang='lat' dir='ltr'><strong>erunt</strong></span> <span class='ocrx_word' id='word_1_269' title='bbox 522 3262 635 3311; x_wconf 87' lang='lat' dir='ltr'><strong>srctlors</strong></span> <span class='ocrx_word' id='word_1_270' title='bbox 652 3275 683 3310; x_wconf 86' lang='lat' dir='ltr'><strong>sc</strong></span> <span class='ocrx_word' id='word_1_271' title='bbox 723 3261 750 3308; x_wconf 87' lang='lat' dir='ltr'><strong>id</strong></span> <span class='ocrx_word' id='word_1_272' title='bbox 762 3267 814 3323; x_wconf 89' lang='lat' dir='ltr'><strong>est,</strong></span> <span class='ocrx_word' id='word_1_273' title='bbox 826 3260 934 3309; x_wconf 79' lang='lat' dir='ltr'><strong>circiter</strong></span> <span class='ocrx_word' id='word_1_274' title='bbox 944 3259 1014 3308; x_wconf 84' lang='lat' dir='ltr'><strong>mille</strong></span> <span class='ocrx_word' id='word_1_275' title='bbox 1029 3258 1124 3321; x_wconf 83' lang='lat' dir='ltr'><strong>padum</strong></span> <span class='ocrx_word' id='word_1_276' title='bbox 1141 3261 1256 3310; x_wconf 88' lang='lat' dir='ltr'><strong>altitudi-</strong></span> 
     </span>
     <span class='ocr_line' id='line_1_32' title="bbox 148 3335 1258 3401; baseline -0.002 -14"><span class='ocrx_word' id='word_1_277' title='bbox 148 3337 289 3387; x_wconf 83' lang='lat' dir='ltr'><strong>brsuiors:</strong></span> <span class='ocrx_word' id='word_1_278' title='bbox 311 3345 470 3401; x_wconf 77' lang='lat' dir='ltr'><strong>quapropter</strong></span> <span class='ocrx_word' id='word_1_279' title='bbox 481 3339 572 3386; x_wconf 84' lang='lat' dir='ltr'><strong>melior</strong></span> <span class='ocrx_word' id='word_1_280' title='bbox 582 3337 685 3386; x_wconf 85' lang='lat' dir='ltr'><strong>ridetur</strong></span> <span class='ocrx_word' id='word_1_281' title='bbox 723 3349 783 3384; x_wconf 87' lang='lat' dir='ltr'><strong>nem</strong></span> <span class='ocrx_word' id='word_1_282' title='bbox 795 3335 928 3400; x_wconf 81' lang='lat' dir='ltr'><strong>exprimit,</strong></span> <span class='ocrx_word' id='word_1_283' title='bbox 939 3349 990 3384; x_wconf 88' lang='lat' dir='ltr'><strong>uon</strong></span> <span class='ocrx_word' id='word_1_284' title='bbox 1001 3336 1109 3385; x_wconf 87' lang='lat' dir='ltr'><strong>multum</strong></span> <span class='ocrx_word' id='word_1_285' title='bbox 1121 3349 1135 3383; x_wconf 86' lang='lat' dir='ltr'><strong>a</strong></span> <span class='ocrx_word' id='word_1_286' title='bbox 1147 3335 1258 3398; x_wconf 82' lang='lat' dir='ltr'><strong>Polybio</strong></span> 
     </span>
     <span class='ocr_line' id='line_1_33' title="bbox 148 3411 851 3478; baseline -0.003 -16"><span class='ocrx_word' id='word_1_287' title='bbox 148 3411 231 3464; x_wconf 79' lang='lat' dir='ltr'><strong>lectio</strong></span> <span class='ocrx_word' id='word_1_288' title='bbox 255 3414 415 3478; x_wconf 81' lang='lat' dir='ltr'><strong>quorundum</strong></span> <span class='ocrx_word' id='word_1_289' title='bbox 437 3415 593 3478; x_wconf 84' lang='lat' dir='ltr'><strong>scriptoram</strong></span> <span class='ocrx_word' id='word_1_290' title='bbox 614 3413 685 3463; x_wconf 86' lang='lat' dir='ltr'><strong>codi·</strong></span> <span class='ocrx_word' id='word_1_291' title='bbox 724 3411 851 3461; x_wconf 81' lang='lat' dir='ltr'><strong>diversus.</strong></span> 
     </span>
     <span class='ocr_line' id='line_1_34' title="bbox 150 3487 1258 3554; baseline 0 -17"><span class='ocrx_word' id='word_1_292' title='bbox 150 3503 209 3538; x_wconf 83' lang='lat' dir='ltr'><strong>earn</strong></span> <span class='ocrx_word' id='word_1_293' title='bbox 220 3488 329 3550; x_wconf 76' lang='lat' dir='ltr'><strong>optimae</strong></span> <span class='ocrx_word' id='word_1_294' title='bbox 342 3497 421 3554; x_wconf 69' lang='lat' dir='ltr'><strong>nota,</strong></span> <span class='ocrx_word' id='word_1_295' title='bbox 436 3489 479 3553; x_wconf 89' lang='lat' dir='ltr'><strong>qui</strong></span> <span class='ocrx_word' id='word_1_296' title='bbox 492 3489 589 3537; x_wconf 77' lang='lat' dir='ltr'><strong>babent</strong></span> <span class='ocrx_word' id='word_1_297' title='bbox 599 3488 635 3537; x_wconf 84' lang='lat' dir='ltr'><strong>ita</strong></span> <span class='ocrx_word' id='word_1_298' title='bbox 645 3503 685 3536; x_wconf 89' lang='lat' dir='ltr'><strong>ar·</strong></span> <span class='ocrx_word' id='word_1_299' title='bbox 758 3497 771 3522; x_wconf 81' lang='lat'>¹</span> <span class='ocrx_word' id='word_1_300' title='bbox 783 3487 1074 3552; x_wconf 76' lang='lat' dir='ltr'><strong>Digrrsaudiiudeipsa]</strong></span> <span class='ocrx_word' id='word_1_301' title='bbox 1089 3487 1258 3537; x_wconf 84' lang='lat' dir='ltr'><strong>MalletGro-</strong></span> 
     </span>
     <span class='ocr_line' id='line_1_35' title="bbox 148 3561 1259 3628; baseline -0.002 -14"><span class='ocrx_word' id='word_1_302' title='bbox 148 3565 263 3614; x_wconf 68' lang='lat' dir='ltr'><strong>rectam.</strong></span> <span class='ocrx_word' id='word_1_303' title='bbox 296 3564 372 3616; x_wconf 78' lang='lat' dir='ltr'><strong>Quod</strong></span> <span class='ocrx_word' id='word_1_304' title='bbox 390 3563 555 3616; x_wconf 85' lang='lat' dir='ltr'><strong>confirmatur</strong></span> <span class='ocrx_word' id='word_1_305' title='bbox 566 3579 600 3613; x_wconf 80' lang='lat' dir='ltr'><strong>ex</strong></span> <span class='ocrx_word' id='word_1_306' title='bbox 611 3565 686 3615; x_wconf 87' lang='lat' dir='ltr'><strong>initio</strong></span> <span class='ocrx_word' id='word_1_307' title='bbox 725 3565 816 3615; x_wconf 82' lang='lat' dir='ltr'><strong>novius</strong></span> <span class='ocrx_word' id='word_1_308' title='bbox 827 3567 934 3628; x_wconf 73' lang='lat' dir='ltr'><strong>digresso</strong></span> <span class='ocrx_word' id='word_1_309' title='bbox 944 3565 1029 3616; x_wconf 81' lang='lat' dir='ltr'><strong>driade</strong></span> <span class='ocrx_word' id='word_1_310' title='bbox 1040 3564 1087 3628; x_wconf 82' lang='lat' dir='ltr'><strong>ipsi</strong></span> <span class='ocrx_word' id='word_1_311' title='bbox 1096 3565 1128 3613; x_wconf 89' lang='lat' dir='ltr'><strong>ad</strong></span> <span class='ocrx_word' id='word_1_312' title='bbox 1138 3566 1213 3614; x_wconf 85' lang='lat' dir='ltr'><strong>locum</strong></span> <span class='ocrx_word' id='word_1_313' title='bbox 1222 3561 1259 3612; x_wconf 82' lang='lat' dir='ltr'><strong>ci·</strong></span> 
     </span>
     <span class='ocr_line' id='line_1_36' title="bbox 152 3640 1258 3703; baseline -0.001 -14"><span class='ocrx_word' id='word_1_314' title='bbox 152 3640 264 3703; x_wconf 77' lang='lat' dir='ltr'><strong>proximi</strong></span> <span class='ocrx_word' id='word_1_315' title='bbox 282 3640 388 3703; x_wconf 84' lang='lat' dir='ltr'><strong>capitis,</strong></span> <span class='ocrx_word' id='word_1_316' title='bbox 405 3641 447 3690; x_wconf 86' lang='lat' dir='ltr'><strong>ubi</strong></span> <span class='ocrx_word' id='word_1_317' title='bbox 466 3642 570 3703; x_wconf 79' lang='lat' dir='ltr'><strong>legitur,</strong></span> <span class='ocrx_word' id='word_1_318' title='bbox 588 3647 686 3703; x_wconf 86' lang='lat' dir='ltr'><strong>‘atque</strong></span> <span class='ocrx_word' id='word_1_319' title='bbox 725 3643 823 3692; x_wconf 77' lang='lat' dir='ltr'><strong>seudum</strong></span> <span class='ocrx_word' id='word_1_320' title='bbox 831 3642 976 3692; x_wconf 74' lang='lat' dir='ltr'><strong>hauddubie</strong></span> <span class='ocrx_word' id='word_1_321' title='bbox 988 3641 1097 3690; x_wconf 71' lang='lat' dir='ltr'><strong>recuba.</strong></span> <span class='ocrx_word' id='word_1_322' title='bbox 1131 3641 1183 3690; x_wconf 82' lang='lat' dir='ltr'><strong>Sed</strong></span> <span class='ocrx_word' id='word_1_323' title='bbox 1195 3640 1258 3688; x_wconf 88' lang='lat' dir='ltr'><strong>nibil</strong></span> 
     </span>
     <span class='ocr_line' id='line_1_37' title="bbox 150 3713 1260 3782; baseline -0.006 -13"><span class='ocrx_word' id='word_1_324' title='bbox 150 3715 189 3764; x_wconf 81' lang='lat' dir='ltr'><strong>its</strong></span> <span class='ocrx_word' id='word_1_325' title='bbox 201 3716 282 3764; x_wconf 70' lang='lat' dir='ltr'><strong>tectis</strong></span> <span class='ocrx_word' id='word_1_326' title='bbox 292 3713 380 3764; x_wconf 67' lang='lat' dir='ltr'><strong>suls-⁹</strong></span> <span class='ocrx_word' id='word_1_327' title='bbox 726 3733 792 3782; x_wconf 83' lang='lat' dir='ltr'><strong>opus</strong></span> <span class='ocrx_word' id='word_1_328' title='bbox 804 3721 975 3769; x_wconf 82' lang='lat' dir='ltr'><strong>correctione.</strong></span> <span class='ocrx_word' id='word_1_329' title='bbox 996 3713 1096 3765; x_wconf 79' lang='lat' dir='ltr'><strong>Sufficit</strong></span> <span class='ocrx_word' id='word_1_330' title='bbox 1108 3716 1260 3776; x_wconf 82' lang='lat' dir='ltr'><strong>interpunc-</strong></span> 
     </span>
     <span class='ocr_line' id='line_1_38' title="bbox 184 3788 1259 3857; baseline -0.004 -14"><span class='ocrx_word' id='word_1_331' title='bbox 184 3803 196 3828; x_wconf 83' lang='lat'>¹</span> <span class='ocrx_word' id='word_1_332' title='bbox 213 3794 246 3843; x_wconf 77' lang='lat' dir='ltr'><strong>ln</strong></span> <span class='ocrx_word' id='word_1_333' title='bbox 262 3795 350 3857; x_wconf 74' lang='lat' dir='ltr'><strong>padum</strong></span> <span class='ocrx_word' id='word_1_334' title='bbox 366 3793 430 3842; x_wconf 77' lang='lat' dir='ltr'><strong>mide</strong></span> <span class='ocrx_word' id='word_1_335' title='bbox 440 3796 566 3843; x_wconf 79' lang='lat' dir='ltr'><strong>admodum</strong></span> <span class='ocrx_word' id='word_1_336' title='bbox 576 3793 686 3843; x_wconf 84' lang='lat' dir='ltr'><strong>altitudi·</strong></span> <span class='ocrx_word' id='word_1_337' title='bbox 726 3795 764 3845; x_wconf 89' lang='lat' dir='ltr'><strong>tio</strong></span> <span class='ocrx_word' id='word_1_338' title='bbox 777 3801 836 3857; x_wconf 83' lang='lat' dir='ltr'><strong>post</strong></span> <span class='ocrx_word' id='word_1_339' title='bbox 847 3795 878 3842; x_wconf 90' lang='lat' dir='ltr'><strong>ad</strong></span> <span class='ocrx_word' id='word_1_340' title='bbox 892 3791 1113 3842; x_wconf 77' lang='lat' dir='ltr'><strong>lommaissadum:</strong></span> <span class='ocrx_word' id='word_1_341' title='bbox 1130 3788 1259 3852; x_wconf 72' lang='lat' dir='ltr'><strong>siguificat</strong></span> 
     </span>
     <span class='ocr_line' id='line_1_39' title="bbox 153 3862 1258 3934; baseline -0.008 -14"><span class='ocrx_word' id='word_1_342' title='bbox 153 3870 217 3933; x_wconf 78' lang='lat' dir='ltr'><strong>aem]</strong></span> <span class='ocrx_word' id='word_1_343' title='bbox 235 3871 362 3934; x_wconf 74' lang='lat' dir='ltr'><strong>Polybius</strong></span> <span class='ocrx_word' id='word_1_344' title='bbox 381 3871 452 3932; x_wconf 85' lang='lat' dir='ltr'><strong>prins</strong></span> <span class='ocrx_word' id='word_1_345' title='bbox 470 3870 574 3934; x_wconf 83' lang='lat' dir='ltr'><strong>quidam</strong></span> <span class='ocrx_word' id='word_1_346' title='bbox 590 3870 685 3933; x_wconf 81' lang='lat' dir='ltr'><strong>abrup·</strong></span> <span class='ocrx_word' id='word_1_347' title='bbox 726 3871 793 3921; x_wconf 86' lang='lat' dir='ltr'><strong>eninr</strong></span> <span class='ocrx_word' id='word_1_348' title='bbox 806 3868 976 3918; x_wconf 77' lang='lat' dir='ltr'><strong>Hannibalem</strong></span> <span class='ocrx_word' id='word_1_349' title='bbox 995 3863 1139 3927; x_wconf 83' lang='lat' dir='ltr'><strong>profectum</strong></span> <span class='ocrx_word' id='word_1_350' title='bbox 1151 3877 1209 3912; x_wconf 79' lang='lat' dir='ltr'><strong>osse</strong></span> <span class='ocrx_word' id='word_1_351' title='bbox 1225 3862 1258 3911; x_wconf 86' lang='lat' dir='ltr'><strong>ad</strong></span> 
     </span>
     <span class='ocr_line' id='line_1_40' title="bbox 155 3939 1258 4016; baseline -0.006 -20"><span class='ocrx_word' id='word_1_352' title='bbox 155 3957 206 3996; x_wconf 83' lang='lat' dir='ltr'><strong>tam</strong></span> <span class='ocrx_word' id='word_1_353' title='bbox 219 3946 307 3996; x_wconf 69' lang='lat' dir='ltr'><strong>luisse</strong></span> <span class='ocrx_word' id='word_1_354' title='bbox 319 3948 356 3994; x_wconf 88' lang='lat' dir='ltr'><strong>sit</strong></span> <span class='ocrx_word' id='word_1_355' title='bbox 367 3955 462 3995; x_wconf 83' lang='lat' dir='ltr'><strong>terram</strong></span> <span class='ocrx_word' id='word_1_356' title='bbox 475 3946 507 3994; x_wconf 86' lang='lat' dir='ltr'><strong>sd</strong></span> <span class='ocrx_word' id='word_1_357' title='bbox 521 3947 570 4009; x_wconf 73' lang='lat' dir='ltr'><strong>tria</strong></span> <span class='ocrx_word' id='word_1_358' title='bbox 581 3947 687 3996; x_wconf 83' lang='lat' dir='ltr'><strong>circiter</strong></span> <span class='ocrx_word' id='word_1_359' title='bbox 727 3942 887 4016; x_wconf 76' lang='lat' dir='ltr'><strong>invisendam</strong></span> <span class='ocrx_word' id='word_1_360' title='bbox 907 3955 1015 4004; x_wconf 83' lang='lat' dir='ltr'><strong>rupem:</strong></span> <span class='ocrx_word' id='word_1_361' title='bbox 1033 3939 1076 3988; x_wconf 91' lang='lat' dir='ltr'><strong>ubi</strong></span> <span class='ocrx_word' id='word_1_362' title='bbox 1097 3949 1182 3988; x_wconf 83' lang='lat' dir='ltr'><strong>autem</strong></span> <span class='ocrx_word' id='word_1_363' title='bbox 1201 3951 1258 3989; x_wconf 86' lang='lat' dir='ltr'><strong>eam</strong></span> 
     </span>
     <span class='ocr_line' id='line_1_41' title="bbox 155 4013 1259 4090; baseline -0.009 -18"><span class='ocrx_word' id='word_1_364' title='bbox 155 4023 316 4084; x_wconf 82' lang='lat' dir='ltr'><strong>semistadis,</strong></span> <span class='ocrx_word' id='word_1_365' title='bbox 333 4023 388 4072; x_wconf 82' lang='lat' dir='ltr'><strong>sive</strong></span> <span class='ocrx_word' id='word_1_366' title='bbox 408 4024 520 4071; x_wconf 87' lang='lat' dir='ltr'><strong>stadium</strong></span> <span class='ocrx_word' id='word_1_367' title='bbox 540 4037 616 4071; x_wconf 84' lang='lat' dir='ltr'><strong>uuum</strong></span> <span class='ocrx_word' id='word_1_368' title='bbox 627 4036 686 4071; x_wconf 89' lang='lat' dir='ltr'><strong>cam</strong></span> <span class='ocrx_word' id='word_1_369' title='bbox 727 4023 803 4082; x_wconf 76' lang='lat' dir='ltr'><strong>vidit,</strong></span> <span class='ocrx_word' id='word_1_370' title='bbox 813 4019 916 4071; x_wconf 89' lang='lat' dir='ltr'><strong>dubium</strong></span> <span class='ocrx_word' id='word_1_371' title='bbox 929 4017 977 4080; x_wconf 86' lang='lat' dir='ltr'><strong>ipsi</strong></span> <span class='ocrx_word' id='word_1_372' title='bbox 990 4029 1041 4064; x_wconf 90' lang='lat' dir='ltr'><strong>non</strong></span> <span class='ocrx_word' id='word_1_373' title='bbox 1053 4013 1132 4064; x_wconf 76' lang='lat' dir='ltr'><strong>l‘ulsss</strong></span> <span class='ocrx_word' id='word_1_374' title='bbox 1141 4015 1203 4079; x_wconf 82' lang='lat' dir='ltr'><strong>qrrin</strong></span> <span class='ocrx_word' id='word_1_375' title='bbox 1214 4030 1259 4090; x_wconf 55' lang='lat' dir='ltr'><strong>sgj</strong></span> 
     </span>
     <span class='ocr_line' id='line_1_42' title="bbox 154 4093 1259 4162; baseline -0.009 -12"><span class='ocrx_word' id='word_1_376' title='bbox 154 4099 272 4162; x_wconf 88' lang='lat' dir='ltr'><strong>dimidio,</strong></span> <span class='ocrx_word' id='word_1_377' title='bbox 281 4100 307 4148; x_wconf 92' lang='lat' dir='ltr'><strong>id</strong></span> <span class='ocrx_word' id='word_1_378' title='bbox 320 4108 370 4162; x_wconf 85' lang='lat' dir='ltr'><strong>est,</strong></span> <span class='ocrx_word' id='word_1_379' title='bbox 383 4113 472 4161; x_wconf 85' lang='lat' dir='ltr'><strong>passus</strong></span> <span class='ocrx_word' id='word_1_380' title='bbox 483 4099 539 4148; x_wconf 82' lang='lat' dir='ltr'><strong>fere</strong></span> <span class='ocrx_word' id='word_1_381' title='bbox 551 4101 688 4162; x_wconf 82' lang='lat' dir='ltr'><strong>ducentos,</strong></span> <span class='ocrx_word' id='word_1_382' title='bbox 728 4112 787 4147; x_wconf 86' lang='lat' dir='ltr'><strong>men</strong></span> <span class='ocrx_word' id='word_1_383' title='bbox 800 4093 1044 4146; x_wconf 78' lang='lat' dir='ltr'><strong>circumducendum</strong></span> <span class='ocrx_word' id='word_1_384' title='bbox 1056 4100 1126 4143; x_wconf 78' lang='lat' dir='ltr'><strong>esest</strong></span> <span class='ocrx_word' id='word_1_385' title='bbox 1143 4107 1190 4157; x_wconf 83' lang='lat' dir='ltr'><strong>per</strong></span> <span class='ocrx_word' id='word_1_386' title='bbox 1201 4093 1259 4141; x_wconf 81' lang='lat' dir='ltr'><strong>loca</strong></span> 
     </span>
     <span class='ocr_line' id='line_1_43' title="bbox 156 4175 804 4241; baseline -0.008 -15"><span class='ocrx_word' id='word_1_387' title='bbox 156 4177 237 4241; x_wconf 82' lang='lat' dir='ltr'><strong>pedes</strong></span> <span class='ocrx_word' id='word_1_388' title='bbox 250 4190 312 4226; x_wconf 81' lang='lat' dir='ltr'><strong>sero</strong></span> <span class='ocrx_word' id='word_1_389' title='bbox 324 4190 405 4238; x_wconf 81' lang='lat' dir='ltr'><strong>supra</strong></span> <span class='ocrx_word' id='word_1_390' title='bbox 425 4186 586 4240; x_wconf 56' lang='lat' dir='ltr'><strong>nongentum</strong></span> <span class='ocrx_word' id='word_1_391' title='bbox 602 4177 688 4225; x_wconf 83' lang='lat' dir='ltr'><strong>addit·</strong></span> <span class='ocrx_word' id='word_1_392' title='bbox 727 4175 804 4224; x_wconf 81' lang='lat' dir='ltr'><strong>invia.</strong></span> 
     </span>
     <span class='ocr_line' id='line_1_44' title="bbox 158 4249 687 4320; baseline -0.002 -16"><span class='ocrx_word' id='word_1_393' title='bbox 158 4270 217 4320; x_wconf 81' lang='lat' dir='ltr'><strong>qne,</strong></span> <span class='ocrx_word' id='word_1_394' title='bbox 233 4263 297 4305; x_wconf 89' lang='lat' dir='ltr'><strong>tunc</strong></span> <span class='ocrx_word' id='word_1_395' title='bbox 316 4250 402 4303; x_wconf 81' lang='lat' dir='ltr'><strong>adbuc</strong></span> <span class='ocrx_word' id='word_1_396' title='bbox 420 4253 572 4316; x_wconf 82' lang='lat' dir='ltr'><strong>ampliorem</strong></span> <span class='ocrx_word' id='word_1_397' title='bbox 592 4249 687 4303; x_wconf 75' lang='lat' dir='ltr'><strong>tactam</strong></span> 
     </span>
    </p>
   </div>
   <div class='ocr_carea' id='block_1_12' title="bbox 0 0 1494 4767">
    <p class='ocr_par' dir='ltr' id='par_1_12' title="bbox 0 0 1494 4767">
     <span class='ocr_line' id='line_1_45' title="bbox 0 0 1494 4767; baseline 0 0"><span class='ocrx_word' id='word_1_398' title='bbox 0 0 1494 4767; x_wconf 95' lang='lat' dir='ltr'><strong> </strong></span> 
     </span>
    </p>
   </div>
  </div>
 </body>
</html>
