2917 4767
503 350 575 399 ιη.
598 350 712 398 xxrv.
737 350 819 399 err.
839 334 895 401 tte.
1157 340 1244 409 20⁵3

126 501 246 558 rum¹¹
259 511 334 557 eam
347 492 454 575 legem
468 501 623 577 parentes
638 492 808 557 sanxisse.
853 494 1034 564 Consulem
1048 496 1246 565 Marcellum

127 594 240 661 haud
263 594 382 677 procul
407 612 501 658 esee:
523 593 567 659 ed
593 612 670 658 eum
696 594 866 659 mitterent
883 595 1029 676 legatos,
1043 596 1141 681 cnjus
1157 600 1246 683 juris

132 704 254 778 atque
268 695 395 759 arbitrii
411 691 541 759 essat’r
584 694 630 759 Se
651 711 733 759 vero
754 712 874 776 negare
894 696 944 759 illi
957 697 1130 773 missuros,
1145 706 1248 766 testu·

131 796 254 878 rique,
269 797 300 859 si
313 795 426 859 verbis
443 794 528 859 nihil
547 802 695 875 agerent,
715 793 897 859 vindictam
917 796 1065 880 aliquam
1085 798 1248 869 libertatis

139 914 226 961 sure
241 897 460 979 quaesituros·
501 894 588 959 Tum
604 895 780 960 Pinarius:
803 899 864 960 ‘at
885 896 958 974 illi,¹
984 898 1037 962 si⁰
1059 899 1102 963 ad
1126 920 1250 967 consu·

136 998 219 1061 lem
233 1003 445 1078 gravarentur
470 998 608 1074 mittere,
634 997 699 1060 sibi
725 996 844 1060 saltem
864 997 980 1061 darent
1000 1001 1117 1082 populi
1138 1003 1249 1067 conei-

140 1096 254 1161 linm:
277 1103 314 1161 nt
329 1099 479 1171 sciretur,
492 1102 601 1160 utrum
615 1114 800 1178 paucorum
815 1116 858 1161 ea
874 1095 1094 1175 denuntiata?
1115 1118 1157 1163 an
1177 1101 1251 1165 uni·

144 1214 259 1261 verere
273 1197 422 1262 civitatis
437 1195 571 1262 essent?
607 1196 810 1261 Consensu²
824 1197 858 1262 in
872 1204 1045 1278 posterum
1061 1198 1149 1263 diem
1166 1221 1248 1266 enn-

145 1296 208 1361 cio
222 1296 372 1361 edicitur.

194 1396 250 1461 38.
272 1396 458 1479 Postquam
483 1396 528 1459 ab
552 1415 593 1459 ee
619 1396 792 1479 colloquio
816 1397 851 1459 in
876 1399 987 1462 arcem
1014 1416 1089 1463 sese
1113 1404 1251 1486 recepit,

149 1498 352 1562 oonvoeatis
364 1498 537 1574 militibus,
558 1497 694 1563 ‘Credo
712 1504 791 1579 ego³
808 1517 870 1562 vos
886 1499 1034 1575 audisse,
1047 1500 1191 1577 militee,'
1202 1504 1253 1566 in·
1297 1551 1298 1557 1

150 1599 241 1681 quit,
257 1602 267 1632 ‘
280 1596 561 1680 quemadmodum
575 1598 735 1680 praesidia
743 1595 900 1661 Romana
914 1598 958 1663 ab
974 1598 1096 1661 Siculis
1111 1600 1253 1667 eircum-

151 1705 257 1762 venta
278 1704 313 1762 et
337 1716 501 1780 oppressa
525 1699 594 1763 sint
618 1717 677 1779 per
701 1698 763 1762 bos
787 1698 871 1762 dies.
915 1697 1001 1761 Eam
1017 1717 1076 1763 voe
1090 1699 1253 1781 fraudem,

152 1799 268 1862 Deum
282 1800 389 1881 primo
403 1800 617 1879 benignitate,
632 1799 712 1863 dein
726 1804 839 1862 vestra
853 1798 921 1882 ipsi
937 1800 1067 1873 virtute,
1082 1798 1156 1864 dies
1172 1820 1255 1867 noc·

151 1906 271 1980 tesque
295 1896 476 1980 perstando
501 1915 542 1961 ae
565 1897 796 1981 pervigilando
810 1898 845 1961 in
861 1900 974 1975 armis,
990 1899 1131 1963 vitastis.
1176 1896 1253 1967 Uti-

152 2016 234 2061 nam
256 1996 417 2079 reliquum
432 2004 567 2079 tempus
584 2016 647 2061 nec
661 1998 826 2080 patiendo
841 1997 989 2075 infanda,
1005 2018 1067 2062 nec
1083 1999 1253 2081 iaciendo,

154 2095 289 2162 traduci
302 2096 430 2178 possit!
459 2097 547 2161 Haec
561 2098 697 2163 occulta
710 2099 743 2162 in
758 2096 901 2163 ⁴rraute
913 2100 1028 2163 cautio
1042 2104 1106 2177 est,
1119 2118 1189 2184 qua
1202 2103 1256 2167 uei

187 2277 203 2309 r
219 2269 261 2318 Art
270 2270 337 2329 errius
345 2275 488 2333 potestatem
498 2275 522 2319 et
533 2270 661 2319 ermetem
672 2285 699 2319 ea
711 2285 750 2319 ree
760 2272 899 2333 pertineret.
971 2252 979 2269 ⁶

615 2411 798 2435 ”onumen

155 2509 248 2559 nenlne
259 2508 358 2560 babuit.
390 2510 454 2559 Mox
471 2515 496 2559 et
514 2523 557 2557 nee
574 2509 701 2558 mmet
717 2524 740 2558 e.
757 2526 778 2558 e.
794 2524 846 2559 eure
859 2514 1080 2572 mortemarense
1091 2526 1179 2563 umner
1190 2514 1257 2565 Mer.

156 2575 210 2622 niel
222 2574 290 2636 qued
303 2588 349 2637 pro
361 2580 466 2636 petentes
476 2574 501 2622 in
515 2574 576 2621 Pet.
588 2581 629 2621 eet
643 2579 761 2639 petentes,
773 2574 836 2622 etin
848 2587 928 2636 marg.
941 2574 1016 2623 Vere.
1031 2590 1132 2637 poenarr.
1164 2577 1195 2625 ln
1207 2577 1257 2626 Ed.

157 2652 201 2698 pr.
212 2646 240 2685 et
249 2637 307 2685 aliie
318 2645 386 2686 entt.
402 2638 481 2686 etlree
491 2636 679 2686 liberorumne.
687 2651 768 2685 erum
781 2640 891 2699 parentet
902 2651 923 2687 e.
940 2638 1015 2699 prob.
1027 2638 1081 2687 Str.
1113 2640 1171 2687 Vox
1184 2640 1260 2700 legere

157 2702 188 2749 in
199 2708 308 2749 reeentt.
320 2702 424 2749 demum
435 2700 502 2749 ΕΜ.
520 2700 625 2749 addite:
643 2701 669 2747 in
688 2702 819 2763 plerisque
838 2706 903 2749 vett.
920 2715 990 2749 earm
1001 2714 1049 2765 pre
1060 2716 1111 2750 erun
1122 2703 1213 2763 legemr
1230 2710 1259 2752 et

159 2763 245 2813 Gren.
256 2764 323 2827 conj.
333 2764 358 2812 id
370 2778 416 2826 pre
426 2778 478 2812 erm
488 2766 505 2813 t.
518 2765 559 2811 rel
567 2763 594 2812 id
604 2766 659 2812 rieee
669 2764 686 2811 t
696 2780 717 2812 e.
727 2778 748 2812 e.
758 2763 812 2823 ‚iem
828 2777 854 2824 p.
870 2777 892 2813 e.
925 2764 1046 2813 Ceterum
1062 2764 1087 2812 b.
1098 2766 1116 2813 l.
1133 2766 1259 2815 reveritur

156 2829 190 2876 Τ.
202 2828 292 2877 Manlii
299 2827 426 2891 Torquati
438 2835 466 2876 et
478 2825 558 2876 rerba
567 2826 623 2889 ejus
633 2826 665 2875 ed
675 2825 754 2875 filium
767 2840 824 2889 rnp.
833 2839 897 2875 rur.
908 2830 933 2874 t.
949 2828 1052 2877 ‘morte
1063 2835 1107 2877 tue
1119 2828 1260 2878 renelenda

158 2900 224 2939 eunt
234 2891 365 2939 eouenlunr
383 2890 507 2952 imperla'
519 2889 709 2951 respiciuntur!
719 2890 871 2953 Rupere-1
890 2890 949 2939 tim
959 2890 1075 2939 Pirae-irre
1085 2893 1120 2940 eit
1130 2892 1181 2941 illie
1193 2892 1260 2941 lidd.

160 2963 224 3003 unte
243 2954 360 3003 Gronov.
380 2968 438 3002 mer
456 2955 482 3001 in
502 2953 592 3002 iiedern
615 2954 711 3016 legitur
733 2953 855 3001 currilium
877 2966 925 3016 pre
942 2955 1123 3005 concilium-2
1141 2955 1261 3004 Contenta

161 3018 328 3075 peribendnm
340 3026 426 3065 mouet
438 3017 465 3067 J.
476 3017 505 3065 F.
517 3017 635 3066 Gronov.
669 3016 729 3064 Vid.
742 3018 806 3065 Not.
818 3016 881 3064 Ver.

196 3084 212 3130 t
231 3081 371 3130 Cremeutio
381 3080 479 3157 quitur.
499 3080 576 3129 creto
589 3095 633 3142 ego
648 3079 714 3129 blm.
739 3079 799 3129 vid.
812 3080 875 3129 Not.
887 3079 997 3131 Van-4
1010 3079 1019 3109 ⁸
1031 3080 1188 3145 Praepoeitie
1203 3082 1230 3130 ia
1246 3094 1262 3131 a

662 3206 770 3257 Nom

162 3300 316 3352 variandu-
332 3302 450 3350 murum?
485 3301 538 3350 lter
555 3302 612 3365 ipra
627 3300 694 3351 eden
734 3300 929 3352 emendatiora
949 3302 1068 3352 Puteann
1086 3305 1262 3366 emte,quenr

163 3384 228 3433 neta
247 3382 288 3425 eet
304 3390 337 3425 ex
355 3376 475 3439 Polybio,
487 3378 620 3438 Suetonio,
631 3378 694 3441 legl-
735 3384 843 3439 recepta
856 3378 936 3427 lectio
954 3383 1006 3427 trun
1024 3377 1141 3426 Pium-irre
1151 3378 1262 3429 uitillir:

163 3452 214 3501 bur
233 3452 307 3515 ipris,
328 3458 358 3501 rrt
379 3450 573 3501 confirmatione
595 3466 647 3502 neu
668 3465 694 3500 e·
735 3450 798 3499 mtir
816 3450 884 3501 enim
902 3452 1055 3515 intelligitur
1072 3450 1134 3501 illud
1151 3452 1201 3509 eitr
1217 3466 1263 3502 ne·

165 3534 237 3593 gent.
736 3540 786 3589 que
805 3526 871 3575 adeo
892 3526 1017 3591 exemplis
1036 3539 1101 3590 opur
1112 3540 1169 3587 qne
1181 3526 1263 3577 Gren-

198 3608 211 3634 ¹
227 3602 428 3652 Neeelibererrun
439 3602 512 3652 etium
521 3602 629 3665 mem]
653 3602 695 3652 Ad
735 3608 881 3651 coacervet.
914 3602 961 3651 Ait
982 3601 1071 3665 ireque
1092 3600 1222 3663 Pinarius,
1241 3600 1264 3651 ri

165 3678 294 3727 Manlium
319 3677 400 3727 fitium
428 3679 562 3740 respicere
585 3678 697 3741 ridetur,
735 3676 1264 3738 illirdconrnlerugrrrarentnrrnittere,

165 3753 210 3816 qui
234 3751 371 3802 dimicandi
404 3765 481 3800 enum
503 3750 625 3813 prandio
650 3766 695 3799 een
736 3756 764 3800 et
779 3750 828 3799 ribl
845 3748 1042 3799 reltemderent
1057 3748 1264 3811 popurtconettt·

165 3828 278 3877 eratione
289 3826 477 3891 quodammode
488 3824 645 3881 deuerteret,
656 3826 696 3875 ret
736 3838 788 3873 um.

166 3914 241 3952 eene
252 3912 343 3952 eontra
355 3900 547 3966 petrirjnreunr
557 3899 697 3949 dimicare·
768 3904 782 3940 Ρ
799 3896 929 3945 Peuma
948 3910 976 3945 ee
993 3895 1145 3959 denuntiata]
1168 3894 1264 3947 Melina

167 3986 220 4025 m.
738 3970 805 4020 forte
817 3970 885 4033 quud
906 3978 1046 4030 angnretrrr
1063 3970 1132 4021 idem
1147 3970 1264 4023 Gronov.

137 4077 140 4082 ,
199 4048 697 4113 0rml³tmrtwrrtrttst1rllegrn=
737 4044 966 4095 marturinam.

168 4129 222 4179 tier
240 4141 302 4177 rane
321 4127 382 4177 uribl
394 4128 495 4177 ridetur
504 4124 560 4175 bae
572 4122 697 4175 (imerii
