<?xml version="1.0" encoding="UTF-8"?>
<!DOCTYPE html PUBLIC "-//W3C//DTD XHTML 1.0 Transitional//EN"
    "http://www.w3.org/TR/xhtml1/DTD/xhtml1-transitional.dtd">
<html xmlns="http://www.w3.org/1999/xhtml" xml:lang="en" lang="en">
 <head>
  <title>
</title>
<meta http-equiv="Content-Type" content="text/html;charset=utf-8" />
  <meta name='ocr-system' content='tesseract 3.04.00' />
  <meta name='ocr-capabilities' content='ocr_page ocr_carea ocr_par ocr_line ocrx_word'/>
</head>
<body>
  <div class='ocr_page' id='page_1' title='image "./tliviipatavinih00unkngoog/tliviipatavinih00unkngoog_0173.png"; bbox 0 0 2917 4767; ppageno 0'>
   <div class='ocr_carea' id='block_1_1' title="bbox 402 331 989 385">
    <p class='ocr_par' dir='ltr' id='par_1_1' title="bbox 402 331 989 385">
     <span class='ocr_line' id='line_1_1' title="bbox 402 331 989 385; baseline 0.01 -6"><span class='ocrx_word' id='word_1_1' title='bbox 402 332 505 381; x_wconf 78' lang='lat' dir='ltr'><strong>blliltl</strong></span> <span class='ocrx_word' id='word_1_2' title='bbox 529 332 644 381; x_wconf 81' lang='lat' dir='ltr'><strong>xvltr.</strong></span> <span class='ocrx_word' id='word_1_3' title='bbox 666 331 989 385; x_wconf 70' lang='lat' dir='ltr'><strong>surrbssunrt&#39;rurr.</strong></span> 
     </span>
    </p>
   </div>
   <div class='ocr_carea' id='block_1_2' title="bbox 115 470 1090 1494">
    <p class='ocr_par' dir='ltr' id='par_1_2' title="bbox 115 470 1090 1494">
     <span class='ocr_line' id='line_1_2' title="bbox 115 470 1083 557; baseline 0.01 -27"><span class='ocrx_word' id='word_1_4' title='bbox 115 470 292 531; x_wconf 60' lang='lat' dir='ltr'><strong>discrimen</strong></span> <span class='ocrx_word' id='word_1_5' title='bbox 306 473 459 552; x_wconf 66' lang='lat' dir='ltr'><strong>aptisime</strong></span> <span class='ocrx_word' id='word_1_6' title='bbox 470 476 608 555; x_wconf 89' lang='lat' dir='ltr'><strong>componi</strong></span> <span class='ocrx_word' id='word_1_7' title='bbox 622 476 814 557; x_wconf 86' lang='lat' dir='ltr'><strong>aciesposset.</strong></span> <span class='ocrx_word' id='word_1_8' title='bbox 844 477 1000 538; x_wconf 88' lang='lat' dir='ltr'><strong>Postremo</strong></span> <span class='ocrx_word' id='word_1_9' title='bbox 1013 480 1083 541; x_wconf 84' lang='lat' dir='ltr'><strong>rati·</strong></span> 
     </span>
     <span class='ocr_line' id='line_1_3' title="bbox 119 570 1084 645; baseline 0.007 -18"><span class='ocrx_word' id='word_1_10' title='bbox 119 588 226 628; x_wconf 85' lang='lat' dir='ltr'><strong>onem</strong></span> <span class='ocrx_word' id='word_1_11' title='bbox 243 570 422 629; x_wconf 76' lang='lat' dir='ltr'><strong>instruendae</strong></span> <span class='ocrx_word' id='word_1_12' title='bbox 439 570 542 630; x_wconf 86' lang='lat' dir='ltr'><strong>elassis</strong></span> <span class='ocrx_word' id='word_1_13' title='bbox 558 572 650 631; x_wconf 89' lang='lat' dir='ltr'><strong>talem</strong></span> <span class='ocrx_word' id='word_1_14' title='bbox 666 573 776 632; x_wconf 90' lang='lat' dir='ltr'><strong>ineunt.</strong></span> <span class='ocrx_word' id='word_1_15' title='bbox 834 571 972 634; x_wconf 86' lang='lat' dir='ltr'><strong>Hexeres</strong></span> <span class='ocrx_word' id='word_1_16' title='bbox 999 574 1084 645; x_wconf 82' lang='lat' dir='ltr'><strong>dues,</strong></span> 
     </span>
     <span class='ocr_line' id='line_1_4' title="bbox 120 666 1084 748; baseline 0.007 -25"><span class='ocrx_word' id='word_1_17' title='bbox 120 666 247 741; x_wconf 80' lang='lat' dir='ltr'><strong>quibus</strong></span> <span class='ocrx_word' id='word_1_18' title='bbox 256 666 396 725; x_wconf 87' lang='lat' dir='ltr'><strong>consules</strong></span> <span class='ocrx_word' id='word_1_19' title='bbox 407 666 462 745; x_wconf 88' lang='lat' dir='ltr'><strong>ipsi</strong></span> <span class='ocrx_word' id='word_1_20' title='bbox 474 667 666 737; x_wconf 82' lang='lat' dir='ltr'><strong>vehebantur,</strong></span> <span class='ocrx_word' id='word_1_21' title='bbox 674 669 782 748; x_wconf 88' lang='lat' dir='ltr'><strong>pariter</strong></span> <span class='ocrx_word' id='word_1_22' title='bbox 791 669 820 728; x_wconf 91' lang='lat' dir='ltr'><strong>in</strong></span> <span class='ocrx_word' id='word_1_23' title='bbox 828 668 924 728; x_wconf 84' lang='lat' dir='ltr'><strong>fronte</strong></span> <span class='ocrx_word' id='word_1_24' title='bbox 936 678 1084 730; x_wconf 88' lang='lat' dir='ltr'><strong>statuunt:</strong></span> 
     </span>
     <span class='ocr_line' id='line_1_5' title="bbox 121 759 1087 843; baseline 0.008 -27"><span class='ocrx_word' id='word_1_25' title='bbox 121 760 255 838; x_wconf 72' lang='lat' dir='ltr'><strong>utrique</strong></span> <span class='ocrx_word' id='word_1_26' title='bbox 267 759 375 819; x_wconf 70' lang='lat' dir='ltr'><strong>buum</strong></span> <span class='ocrx_word' id='word_1_27' title='bbox 387 760 457 821; x_wconf 91' lang='lat' dir='ltr'><strong>binc</strong></span> <span class='ocrx_word' id='word_1_28' title='bbox 469 762 602 841; x_wconf 87' lang='lat' dir='ltr'><strong>primam,</strong></span> <span class='ocrx_word' id='word_1_29' title='bbox 616 762 683 823; x_wconf 86' lang='lat' dir='ltr'><strong>iude</strong></span> <span class='ocrx_word' id='word_1_30' title='bbox 693 763 852 823; x_wconf 79' lang='lat' dir='ltr'><strong>secundam</strong></span> <span class='ocrx_word' id='word_1_31' title='bbox 863 761 985 824; x_wconf 87' lang='lat' dir='ltr'><strong>classem</strong></span> <span class='ocrx_word' id='word_1_32' title='bbox 999 765 1087 843; x_wconf 77' lang='lat' dir='ltr'><strong>longa</strong></span> 
     </span>
     <span class='ocr_line' id='line_1_6' title="bbox 121 855 1088 936; baseline 0.007 -23"><span class='ocrx_word' id='word_1_33' title='bbox 121 855 311 936; x_wconf 73' lang='lat' dir='ltr'><strong>etsimplici</strong></span> <span class='ocrx_word' id='word_1_34' title='bbox 323 856 398 915; x_wconf 89' lang='lat' dir='ltr'><strong>serie</strong></span> <span class='ocrx_word' id='word_1_35' title='bbox 413 866 583 929; x_wconf 75' lang='lat' dir='ltr'><strong>annectunt,</strong></span> <span class='ocrx_word' id='word_1_36' title='bbox 604 860 647 918; x_wconf 91' lang='lat' dir='ltr'><strong>ita</strong></span> <span class='ocrx_word' id='word_1_37' title='bbox 666 859 819 919; x_wconf 82' lang='lat' dir='ltr'><strong>collocatis</strong></span> <span class='ocrx_word' id='word_1_38' title='bbox 834 860 967 932; x_wconf 81' lang='lat' dir='ltr'><strong>neribus,</strong></span> <span class='ocrx_word' id='word_1_39' title='bbox 982 868 1015 918; x_wconf 91' lang='lat' dir='ltr'><strong>ut</strong></span> <span class='ocrx_word' id='word_1_40' title='bbox 1026 878 1088 920; x_wconf 87' lang='lat' dir='ltr'><strong>om-</strong></span> 
     </span>
     <span class='ocr_line' id='line_1_7' title="bbox 124 950 1090 1036; baseline 0.006 -27"><span class='ocrx_word' id='word_1_41' title='bbox 124 950 219 1009; x_wconf 85' lang='lat' dir='ltr'><strong>nium</strong></span> <span class='ocrx_word' id='word_1_42' title='bbox 236 973 335 1031; x_wconf 78' lang='lat' dir='ltr'><strong>prorae</strong></span> <span class='ocrx_word' id='word_1_43' title='bbox 353 951 431 1012; x_wconf 84' lang='lat' dir='ltr'><strong>loras</strong></span> <span class='ocrx_word' id='word_1_44' title='bbox 447 955 577 1013; x_wconf 72' lang='lat' dir='ltr'><strong>obversa</strong></span> <span class='ocrx_word' id='word_1_45' title='bbox 596 964 709 1022; x_wconf 79' lang='lat' dir='ltr'><strong>casent3</strong></span> <span class='ocrx_word' id='word_1_46' title='bbox 742 955 921 1035; x_wconf 85' lang='lat' dir='ltr'><strong>hexeresque</strong></span> <span class='ocrx_word' id='word_1_47' title='bbox 938 976 1090 1036; x_wconf 91' lang='lat' dir='ltr'><strong>propemo-</strong></span> 
     </span>
     <span class='ocr_line' id='line_1_8' title="bbox 124 1043 1089 1128; baseline 0.008 -26"><span class='ocrx_word' id='word_1_48' title='bbox 124 1043 209 1104; x_wconf 85' lang='lat' dir='ltr'><strong>dum</strong></span> <span class='ocrx_word' id='word_1_49' title='bbox 221 1051 394 1126; x_wconf 74' lang='lat' dir='ltr'><strong>conjunctae</strong></span> <span class='ocrx_word' id='word_1_50' title='bbox 407 1051 491 1119; x_wconf 86' lang='lat' dir='ltr'><strong>irent,</strong></span> <span class='ocrx_word' id='word_1_51' title='bbox 510 1050 652 1128; x_wconf 72' lang='lat' dir='ltr'><strong>proximae</strong></span> <span class='ocrx_word' id='word_1_52' title='bbox 665 1050 711 1109; x_wconf 92' lang='lat' dir='ltr'><strong>bis</strong></span> <span class='ocrx_word' id='word_1_53' title='bbox 727 1048 843 1127; x_wconf 81' lang='lat' dir='ltr'><strong>lougius</strong></span> <span class='ocrx_word' id='word_1_54' title='bbox 858 1051 933 1111; x_wconf 88' lang='lat' dir='ltr'><strong>iuter</strong></span> <span class='ocrx_word' id='word_1_55' title='bbox 949 1072 979 1109; x_wconf 90' lang='lat' dir='ltr'><strong>se</strong></span> <span class='ocrx_word' id='word_1_56' title='bbox 995 1051 1089 1128; x_wconf 76' lang='lat' dir='ltr'><strong>digre-</strong></span> 
     </span>
     <span class='ocr_line' id='line_1_9' title="bbox 126 1127 1090 1226; baseline 0.005 -25"><span class='ocrx_word' id='word_1_57' title='bbox 126 1138 298 1210; x_wconf 71' lang='lat' dir='ltr'><strong>derennm</strong></span> <span class='ocrx_word' id='word_1_58' title='bbox 319 1152 409 1222; x_wconf 88' lang='lat' dir='ltr'><strong>atque</strong></span> <span class='ocrx_word' id='word_1_59' title='bbox 427 1145 470 1203; x_wconf 88' lang='lat' dir='ltr'><strong>ita</strong></span> <span class='ocrx_word' id='word_1_60' title='bbox 481 1127 619 1224; x_wconf 73' lang='lat' dir='ltr'><strong>deinceps</strong></span> <span class='ocrx_word' id='word_1_61' title='bbox 630 1147 758 1226; x_wconf 89' lang='lat' dir='ltr'><strong>spatium</strong></span> <span class='ocrx_word' id='word_1_62' title='bbox 772 1147 846 1205; x_wconf 86' lang='lat' dir='ltr'><strong>inter</strong></span> <span class='ocrx_word' id='word_1_63' title='bbox 857 1146 931 1206; x_wconf 84' lang='lat' dir='ltr'><strong>duas</strong></span> <span class='ocrx_word' id='word_1_64' title='bbox 943 1148 1090 1226; x_wconf 85' lang='lat' dir='ltr'><strong>oppositas</strong></span> 
     </span>
     <span class='ocr_line' id='line_1_10' title="bbox 128 1238 1090 1318; baseline 0.006 -22"><span class='ocrx_word' id='word_1_65' title='bbox 128 1256 232 1297; x_wconf 71' lang='lat' dir='ltr'><strong>nares</strong></span> <span class='ocrx_word' id='word_1_66' title='bbox 244 1238 383 1297; x_wconf 85' lang='lat' dir='ltr'><strong>relictum</strong></span> <span class='ocrx_word' id='word_1_67' title='bbox 393 1258 461 1297; x_wconf 90' lang='lat' dir='ltr'><strong>cnm</strong></span> <span class='ocrx_word' id='word_1_68' title='bbox 474 1241 544 1318; x_wconf 87' lang='lat' dir='ltr'><strong>ipsis</strong></span> <span class='ocrx_word' id='word_1_69' title='bbox 555 1240 705 1299; x_wconf 79' lang='lat' dir='ltr'>ordinibus</span> <span class='ocrx_word' id='word_1_70' title='bbox 714 1250 865 1301; x_wconf 76' lang='lat' dir='ltr'><strong>cresceret.</strong></span> <span class='ocrx_word' id='word_1_71' title='bbox 908 1240 958 1301; x_wconf 83' lang='lat' dir='ltr'><strong>Sic</strong></span> <span class='ocrx_word' id='word_1_72' title='bbox 971 1242 1090 1302; x_wconf 88' lang='lat' dir='ltr'><strong>minimo</strong></span> 
     </span>
     <span class='ocr_line' id='line_1_11' title="bbox 132 1334 1088 1415; baseline 0.006 -23"><span class='ocrx_word' id='word_1_73' title='bbox 132 1334 220 1392; x_wconf 84' lang='lat' dir='ltr'><strong>inter</strong></span> <span class='ocrx_word' id='word_1_74' title='bbox 236 1335 348 1413; x_wconf 85' lang='lat' dir='ltr'><strong>primas</strong></span> <span class='ocrx_word' id='word_1_75' title='bbox 368 1354 468 1406; x_wconf 83' lang='lat' dir='ltr'><strong>naves,</strong></span> <span class='ocrx_word' id='word_1_76' title='bbox 488 1336 618 1395; x_wconf 87' lang='lat' dir='ltr'><strong>maximo</strong></span> <span class='ocrx_word' id='word_1_77' title='bbox 639 1338 714 1395; x_wconf 91' lang='lat' dir='ltr'><strong>inter</strong></span> <span class='ocrx_word' id='word_1_78' title='bbox 739 1346 900 1415; x_wconf 85' lang='lat' dir='ltr'><strong>postremas</strong></span> <span class='ocrx_word' id='word_1_79' title='bbox 923 1338 1088 1408; x_wconf 84' lang='lat' dir='ltr'><strong>intervallo,</strong></span> 
     </span>
     <span class='ocr_line' id='line_1_12' title="bbox 132 1430 1090 1494; baseline 0.007 -7"><span class='ocrx_word' id='word_1_80' title='bbox 132 1448 212 1487; x_wconf 83' lang='lat' dir='ltr'><strong>cnm</strong></span> <span class='ocrx_word' id='word_1_81' title='bbox 224 1450 265 1489; x_wconf 85' lang='lat' dir='ltr'><strong>ex</strong></span> <span class='ocrx_word' id='word_1_82' title='bbox 278 1430 395 1490; x_wconf 83' lang='lat' dir='ltr'><strong>duabus</strong></span> <span class='ocrx_word' id='word_1_83' title='bbox 407 1432 471 1491; x_wconf 88' lang='lat' dir='ltr'><strong>istis</strong></span> <span class='ocrx_word' id='word_1_84' title='bbox 482 1431 625 1490; x_wconf 86' lang='lat' dir='ltr'><strong>classibus</strong></span> <span class='ocrx_word' id='word_1_85' title='bbox 636 1432 732 1491; x_wconf 82' lang='lat' dir='ltr'><strong>forma</strong></span> <span class='ocrx_word' id='word_1_86' title='bbox 744 1442 876 1492; x_wconf 73' lang='lat' dir='ltr'><strong>cuneatur</strong></span> <span class='ocrx_word' id='word_1_87' title='bbox 898 1433 971 1493; x_wconf 89' lang='lat' dir='ltr'><strong>aciei</strong></span> <span class='ocrx_word' id='word_1_88' title='bbox 984 1432 1090 1494; x_wconf 82' lang='lat' dir='ltr'><strong>effecta</strong></span> 
     </span>
    </p>
   </div>
   <div class='ocr_carea' id='block_1_3' title="bbox 133 1525 1095 2181">
    <p class='ocr_par' dir='ltr' id='par_1_3' title="bbox 133 1525 1095 2181">
     <span class='ocr_line' id='line_1_13' title="bbox 133 1525 1091 1608; baseline 0.003 -25"><span class='ocrx_word' id='word_1_89' title='bbox 133 1532 230 1593; x_wconf 61' lang='lat' dir='ltr'><strong>met,</strong></span> <span class='ocrx_word' id='word_1_90' title='bbox 243 1525 364 1584; x_wconf 83' lang='lat' dir='ltr'><strong>tertiam</strong></span> <span class='ocrx_word' id='word_1_91' title='bbox 376 1525 483 1587; x_wconf 90' lang='lat' dir='ltr'><strong>deinde</strong></span> <span class='ocrx_word' id='word_1_92' title='bbox 496 1526 641 1605; x_wconf 74' lang='lat' dir='ltr'><strong>legionem</strong></span> <span class='ocrx_word' id='word_1_93' title='bbox 654 1528 861 1587; x_wconf 85' lang='lat' dir='ltr'><strong>admoverunt:</strong></span> <span class='ocrx_word' id='word_1_94' title='bbox 884 1546 950 1607; x_wconf 73' lang='lat' dir='ltr'><strong>quan</strong></span> <span class='ocrx_word' id='word_1_95' title='bbox 963 1528 1091 1608; x_wconf 81' lang='lat' dir='ltr'><strong>simplici</strong></span> 
     </span>
     <span class='ocr_line' id='line_1_14' title="bbox 133 1621 1091 1703; baseline 0.003 -24"><span class='ocrx_word' id='word_1_96' title='bbox 133 1621 264 1680; x_wconf 79' lang='lat' dir='ltr'><strong>narium</strong></span> <span class='ocrx_word' id='word_1_97' title='bbox 279 1621 383 1681; x_wconf 84' lang='lat' dir='ltr'><strong>ordine</strong></span> <span class='ocrx_word' id='word_1_98' title='bbox 401 1623 528 1702; x_wconf 83' lang='lat' dir='ltr'><strong>spatirnn</strong></span> <span class='ocrx_word' id='word_1_99' title='bbox 546 1622 624 1681; x_wconf 89' lang='lat' dir='ltr'><strong>istud</strong></span> <span class='ocrx_word' id='word_1_100' title='bbox 643 1624 719 1682; x_wconf 88' lang='lat' dir='ltr'><strong>inter</strong></span> <span class='ocrx_word' id='word_1_101' title='bbox 737 1623 846 1703; x_wconf 82' lang='lat' dir='ltr'><strong>priores</strong></span> <span class='ocrx_word' id='word_1_102' title='bbox 862 1623 937 1683; x_wconf 86' lang='lat' dir='ltr'><strong>duas</strong></span> <span class='ocrx_word' id='word_1_103' title='bbox 958 1632 1091 1703; x_wconf 89' lang='lat' dir='ltr'><strong>apertum</strong></span> 
     </span>
     <span class='ocr_line' id='line_1_15' title="bbox 133 1718 1091 1797; baseline 0.001 -22"><span class='ocrx_word' id='word_1_104' title='bbox 133 1725 322 1794; x_wconf 70' lang='lat' dir='ltr'><strong>praetexens,</strong></span> <span class='ocrx_word' id='word_1_105' title='bbox 334 1718 505 1797; x_wconf 78' lang='lat' dir='ltr'><strong>triquetrm</strong></span> <span class='ocrx_word' id='word_1_106' title='bbox 512 1721 602 1778; x_wconf 86' lang='lat' dir='ltr'><strong>totius</strong></span> <span class='ocrx_word' id='word_1_107' title='bbox 613 1720 689 1778; x_wconf 88' lang='lat' dir='ltr'><strong>aciei</strong></span> <span class='ocrx_word' id='word_1_108' title='bbox 702 1719 809 1779; x_wconf 83' lang='lat' dir='ltr'><strong>faciem</strong></span> <span class='ocrx_word' id='word_1_109' title='bbox 822 1719 983 1778; x_wconf 85' lang='lat' dir='ltr'><strong>exhiberet.</strong></span> <span class='ocrx_word' id='word_1_110' title='bbox 1005 1718 1091 1778; x_wconf 91' lang='lat' dir='ltr'><strong>Pone</strong></span> 
     </span>
     <span class='ocr_line' id='line_1_16' title="bbox 135 1811 1092 1894; baseline -0.001 -23"><span class='ocrx_word' id='word_1_111' title='bbox 135 1811 230 1881; x_wconf 75' lang='lat' dir='ltr'><strong>bane,</strong></span> <span class='ocrx_word' id='word_1_112' title='bbox 245 1832 266 1871; x_wconf 87' lang='lat' dir='ltr'><strong>a</strong></span> <span class='ocrx_word' id='word_1_113' title='bbox 276 1822 361 1891; x_wconf 73' lang='lat' dir='ltr'><strong>tergo</strong></span> <span class='ocrx_word' id='word_1_114' title='bbox 377 1814 470 1873; x_wconf 77' lang='lat' dir='ltr'><strong>tertiae</strong></span> <span class='ocrx_word' id='word_1_115' title='bbox 488 1814 601 1883; x_wconf 85' lang='lat' dir='ltr'><strong>classis,</strong></span> <span class='ocrx_word' id='word_1_116' title='bbox 619 1815 792 1894; x_wconf 78' lang='lat' dir='ltr'><strong>hippagines</strong></span> <span class='ocrx_word' id='word_1_117' title='bbox 810 1814 927 1873; x_wconf 81' lang='lat' dir='ltr'><strong>funibus</strong></span> <span class='ocrx_word' id='word_1_118' title='bbox 947 1813 1092 1873; x_wconf 82' lang='lat' dir='ltr'><strong>tractoriis</strong></span> 
     </span>
     <span class='ocr_line' id='line_1_17' title="bbox 136 1906 1093 1989; baseline 0 -24"><span class='ocrx_word' id='word_1_119' title='bbox 136 1906 183 1965; x_wconf 84' lang='lat' dir='ltr'><strong>ad</strong></span> <span class='ocrx_word' id='word_1_120' title='bbox 195 1928 291 1967; x_wconf 80' lang='lat' dir='ltr'><strong>naves</strong></span> <span class='ocrx_word' id='word_1_121' title='bbox 303 1910 491 1969; x_wconf 89' lang='lat' dir='ltr'><strong>tertianorum</strong></span> <span class='ocrx_word' id='word_1_122' title='bbox 509 1911 738 1989; x_wconf 80' lang='lat' dir='ltr'><strong>pertingentibus</strong></span> <span class='ocrx_word' id='word_1_123' title='bbox 754 1910 883 1969; x_wconf 87' lang='lat' dir='ltr'><strong>remulco</strong></span> <span class='ocrx_word' id='word_1_124' title='bbox 895 1909 1093 1969; x_wconf 71' lang='lat' dir='ltr'><strong>trahebantur.</strong></span> 
     </span>
     <span class='ocr_line' id='line_1_18' title="bbox 139 2001 1092 2071; baseline -0.002 -9"><span class='ocrx_word' id='word_1_125' title='bbox 139 2001 300 2063; x_wconf 82' lang='lat' dir='ltr'><strong>Postremi</strong></span> <span class='ocrx_word' id='word_1_126' title='bbox 313 2006 441 2063; x_wconf 88' lang='lat' dir='ltr'><strong>omniurn</strong></span> <span class='ocrx_word' id='word_1_127' title='bbox 455 2005 547 2064; x_wconf 85' lang='lat' dir='ltr'><strong>triarii</strong></span> <span class='ocrx_word' id='word_1_128' title='bbox 558 2006 684 2065; x_wconf 84' lang='lat' dir='ltr'><strong>navibus</strong></span> <span class='ocrx_word' id='word_1_129' title='bbox 700 2024 788 2063; x_wconf 87' lang='lat' dir='ltr'><strong>unam</strong></span> <span class='ocrx_word' id='word_1_130' title='bbox 806 2005 836 2062; x_wconf 91' lang='lat' dir='ltr'><strong>in</strong></span> <span class='ocrx_word' id='word_1_131' title='bbox 854 2004 968 2071; x_wconf 83' lang='lat' dir='ltr'><strong>seriem,</strong></span> <span class='ocrx_word' id='word_1_132' title='bbox 982 2004 1034 2061; x_wconf 90' lang='lat' dir='ltr'><strong>sed</strong></span> <span class='ocrx_word' id='word_1_133' title='bbox 1047 2022 1092 2060; x_wconf 90' lang='lat' dir='ltr'><strong>se-</strong></span> 
     </span>
     <span class='ocr_line' id='line_1_19' title="bbox 138 2098 1095 2181; baseline -0.001 -23"><span class='ocrx_word' id='word_1_134' title='bbox 138 2098 372 2171; x_wconf 71' lang='lat' dir='ltr'><strong>micircularem,</strong></span> <span class='ocrx_word' id='word_1_135' title='bbox 399 2102 579 2181; x_wconf 86' lang='lat' dir='ltr'><strong>exporrectis</strong></span> <span class='ocrx_word' id='word_1_136' title='bbox 599 2103 642 2175; x_wconf 84' lang='lat' dir='ltr'><strong>ita</strong></span> <span class='ocrx_word' id='word_1_137' title='bbox 671 2102 781 2180; x_wconf 89' lang='lat' dir='ltr'><strong>priores</strong></span> <span class='ocrx_word' id='word_1_138' title='bbox 807 2099 971 2168; x_wconf 81' lang='lat' dir='ltr'><strong>ambibunt,</strong></span> <span class='ocrx_word' id='word_1_139' title='bbox 998 2108 1031 2157; x_wconf 93' lang='lat' dir='ltr'><strong>ut</strong></span> <span class='ocrx_word' id='word_1_140' title='bbox 1055 2098 1095 2157; x_wconf 80' lang='lat' dir='ltr'><strong>ab</strong></span> 
     </span>
    </p>
   </div>
   <div class='ocr_carea' id='block_1_4' title="bbox 138 2192 1102 3228">
    <p class='ocr_par' dir='ltr' id='par_1_4' title="bbox 138 2192 1095 2561">
     <span class='ocr_line' id='line_1_20' title="bbox 138 2192 1095 2276; baseline -0.001 -22"><span class='ocrx_word' id='word_1_141' title='bbox 138 2202 272 2273; x_wconf 85' lang='lat' dir='ltr'><strong>utroque</strong></span> <span class='ocrx_word' id='word_1_142' title='bbox 285 2215 375 2255; x_wconf 87' lang='lat' dir='ltr'><strong>cornu</strong></span> <span class='ocrx_word' id='word_1_143' title='bbox 390 2197 594 2276; x_wconf 80' lang='lat' dir='ltr'><strong>prominerent</strong></span> <span class='ocrx_word' id='word_1_144' title='bbox 616 2194 667 2255; x_wconf 94' lang='lat' dir='ltr'><strong>Ita</strong></span> <span class='ocrx_word' id='word_1_145' title='bbox 679 2205 774 2255; x_wconf 91' lang='lat' dir='ltr'><strong>totum</strong></span> <span class='ocrx_word' id='word_1_146' title='bbox 786 2214 892 2273; x_wconf 89' lang='lat' dir='ltr'><strong>corpus</strong></span> <span class='ocrx_word' id='word_1_147' title='bbox 903 2192 997 2253; x_wconf 85' lang='lat' dir='ltr'><strong>fronte</strong></span> <span class='ocrx_word' id='word_1_148' title='bbox 1009 2214 1095 2263; x_wconf 85' lang='lat' dir='ltr'><strong>carn,</strong></span> 
     </span>
     <span class='ocr_line' id='line_1_21' title="bbox 139 2288 1095 2372; baseline -0.003 -21"><span class='ocrx_word' id='word_1_149' title='bbox 139 2292 301 2368; x_wconf 80' lang='lat' dir='ltr'><strong>postremis</strong></span> <span class='ocrx_word' id='word_1_150' title='bbox 313 2293 444 2372; x_wconf 89' lang='lat' dir='ltr'><strong>partibus</strong></span> <span class='ocrx_word' id='word_1_151' title='bbox 455 2292 568 2360; x_wconf 87' lang='lat' dir='ltr'><strong>solidis,</strong></span> <span class='ocrx_word' id='word_1_152' title='bbox 576 2292 660 2349; x_wconf 72' lang='lat' dir='ltr'><strong>mtri</strong></span> <span class='ocrx_word' id='word_1_153' title='bbox 672 2290 785 2350; x_wconf 86' lang='lat' dir='ltr'><strong>navalis</strong></span> <span class='ocrx_word' id='word_1_154' title='bbox 794 2288 1013 2349; x_wconf 86' lang='lat' dir='ltr'><strong>similitudinem</strong></span> <span class='ocrx_word' id='word_1_155' title='bbox 1021 2308 1095 2369; x_wconf 73' lang='lat' dir='ltr'><strong>pran-</strong></span> 
     </span>
     <span class='ocr_line' id='line_1_22' title="bbox 140 2382 1094 2464; baseline -0.001 -20"><span class='ocrx_word' id='word_1_156' title='bbox 140 2384 283 2445; x_wconf 79' lang='lat' dir='ltr'><strong>l&#39;erebat:</strong></span> <span class='ocrx_word' id='word_1_157' title='bbox 316 2408 375 2447; x_wconf 91' lang='lat' dir='ltr'><strong>non</strong></span> <span class='ocrx_word' id='word_1_158' title='bbox 400 2388 497 2445; x_wconf 88' lang='lat' dir='ltr'><strong>minus</strong></span> <span class='ocrx_word' id='word_1_159' title='bbox 519 2387 559 2446; x_wconf 87' lang='lat' dir='ltr'><strong>ad</strong></span> <span class='ocrx_word' id='word_1_160' title='bbox 576 2386 774 2445; x_wconf 87' lang='lat' dir='ltr'><strong>srrstinendam</strong></span> <span class='ocrx_word' id='word_1_161' title='bbox 799 2385 1017 2464; x_wconf 85' lang='lat' dir='ltr'><strong>impressionem</strong></span> <span class='ocrx_word' id='word_1_162' title='bbox 1044 2382 1094 2443; x_wconf 82' lang='lat' dir='ltr'><strong>fir-</strong></span> 
     </span>
     <span class='ocr_line' id='line_1_23' title="bbox 144 2482 716 2561; baseline 0.003 -22"><span class='ocrx_word' id='word_1_163' title='bbox 144 2498 242 2551; x_wconf 88' lang='lat' dir='ltr'><strong>mum,</strong></span> <span class='ocrx_word' id='word_1_164' title='bbox 254 2502 346 2561; x_wconf 90' lang='lat' dir='ltr'><strong>quarn</strong></span> <span class='ocrx_word' id='word_1_165' title='bbox 358 2483 398 2542; x_wconf 87' lang='lat' dir='ltr'><strong>ad</strong></span> <span class='ocrx_word' id='word_1_166' title='bbox 411 2482 595 2542; x_wconf 79' lang='lat' dir='ltr'><strong>inferendum</strong></span> <span class='ocrx_word' id='word_1_167' title='bbox 608 2482 716 2541; x_wconf 89' lang='lat' dir='ltr'><strong>babile.</strong></span> 
     </span>
    </p>

    <p class='ocr_par' dir='ltr' id='par_1_5' title="bbox 144 2573 1102 3228">
     <span class='ocr_line' id='line_1_24' title="bbox 144 2573 1099 2655; baseline -0.004 -18"><span class='ocrx_word' id='word_1_168' title='bbox 144 2617 148 2622; x_wconf 85' lang='lat'><em>-</em></span> <span class='ocrx_word' id='word_1_169' title='bbox 188 2584 220 2637; x_wconf 74' lang='lat'><strong>4.</strong></span> <span class='ocrx_word' id='word_1_170' title='bbox 243 2576 305 2637; x_wconf 86' lang='lat' dir='ltr'><strong>Sed</strong></span> <span class='ocrx_word' id='word_1_171' title='bbox 328 2578 616 2655; x_wconf 76' lang='lat' dir='ltr'><strong>Carthaginiensium</strong></span> <span class='ocrx_word' id='word_1_172' title='bbox 635 2576 736 2646; x_wconf 89' lang='lat' dir='ltr'><strong>duces,</strong></span> <span class='ocrx_word' id='word_1_173' title='bbox 756 2575 904 2636; x_wconf 85' lang='lat' dir='ltr'><strong>Romanae</strong></span> <span class='ocrx_word' id='word_1_174' title='bbox 924 2574 1025 2633; x_wconf 86' lang='lat' dir='ltr'><strong>classis</strong></span> <span class='ocrx_word' id='word_1_175' title='bbox 1045 2573 1099 2633; x_wconf 87' lang='lat' dir='ltr'><strong>ad·</strong></span> 
     </span>
     <span class='ocr_line' id='line_1_25' title="bbox 147 2668 1100 2752; baseline -0.005 -21"><span class='ocrx_word' id='word_1_176' title='bbox 147 2681 241 2731; x_wconf 76' lang='lat' dir='ltr'><strong>ventu</strong></span> <span class='ocrx_word' id='word_1_177' title='bbox 263 2694 317 2752; x_wconf 90' lang='lat' dir='ltr'><strong>per</strong></span> <span class='ocrx_word' id='word_1_178' title='bbox 335 2674 538 2752; x_wconf 81' lang='lat' dir='ltr'><strong>exploratores</strong></span> <span class='ocrx_word' id='word_1_179' title='bbox 557 2673 685 2749; x_wconf 72' lang='lat' dir='ltr'><strong>cognito,</strong></span> <span class='ocrx_word' id='word_1_180' title='bbox 708 2692 776 2731; x_wconf 91' lang='lat' dir='ltr'><strong>cum</strong></span> <span class='ocrx_word' id='word_1_181' title='bbox 798 2673 899 2730; x_wconf 90' lang='lat' dir='ltr'><strong>urbem</strong></span> <span class='ocrx_word' id='word_1_182' title='bbox 919 2688 1006 2728; x_wconf 86' lang='lat' dir='ltr'><strong>suam·</strong></span> <span class='ocrx_word' id='word_1_183' title='bbox 1019 2668 1100 2727; x_wconf 86' lang='lat' dir='ltr'><strong>aditu</strong></span> 
     </span>
     <span class='ocr_line' id='line_1_26' title="bbox 148 2762 1099 2846; baseline -0.007 -19"><span class='ocrx_word' id='word_1_184' title='bbox 148 2767 284 2838; x_wconf 72' lang='lat' dir='ltr'><strong>facilem,</strong></span> <span class='ocrx_word' id='word_1_185' title='bbox 309 2768 430 2827; x_wconf 83' lang='lat' dir='ltr'><strong>imbelle</strong></span> <span class='ocrx_word' id='word_1_186' title='bbox 451 2769 567 2846; x_wconf 77' lang='lat' dir='ltr'><strong>vulgus,</strong></span> <span class='ocrx_word' id='word_1_187' title='bbox 588 2767 705 2827; x_wconf 75' lang='lat' dir='ltr'><strong>accolas</strong></span> <span class='ocrx_word' id='word_1_188' title='bbox 721 2768 802 2827; x_wconf 85' lang='lat' dir='ltr'><strong>leves</strong></span> <span class='ocrx_word' id='word_1_189' title='bbox 823 2775 854 2824; x_wconf 87' lang='lat' dir='ltr'><strong>et</strong></span> <span class='ocrx_word' id='word_1_190' title='bbox 874 2764 913 2824; x_wconf 87' lang='lat' dir='ltr'><strong>nd</strong></span> <span class='ocrx_word' id='word_1_191' title='bbox 930 2762 1099 2821; x_wconf 75' lang='lat' dir='ltr'><strong>mutandam</strong></span> 
     </span>
     <span class='ocr_line' id='line_1_27' title="bbox 150 2858 1101 2943; baseline -0.007 -22"><span class='ocrx_word' id='word_1_192' title='bbox 150 2862 241 2921; x_wconf 84' lang='lat' dir='ltr'><strong>fidem</strong></span> <span class='ocrx_word' id='word_1_193' title='bbox 255 2884 363 2943; x_wconf 85' lang='lat' dir='ltr'><strong>pronos</strong></span> <span class='ocrx_word' id='word_1_194' title='bbox 372 2864 545 2942; x_wconf 78' lang='lat' dir='ltr'><strong>cogitarent,</strong></span> <span class='ocrx_word' id='word_1_195' title='bbox 552 2864 670 2923; x_wconf 84' lang='lat' dir='ltr'><strong>obviam</strong></span> <span class='ocrx_word' id='word_1_196' title='bbox 677 2865 718 2922; x_wconf 90' lang='lat' dir='ltr'><strong>ire</strong></span> <span class='ocrx_word' id='word_1_197' title='bbox 730 2861 901 2929; x_wconf 89' lang='lat' dir='ltr'><strong>decernunt,</strong></span> <span class='ocrx_word' id='word_1_198' title='bbox 908 2858 1010 2933; x_wconf 79' lang='lat' dir='ltr'><strong>omnia</strong></span> <span class='ocrx_word' id='word_1_199' title='bbox 1021 2858 1101 2936; x_wconf 87' lang='lat' dir='ltr'><strong>prius</strong></span> 
     </span>
     <span class='ocr_line' id='line_1_28' title="bbox 148 2952 1100 3038; baseline -0.008 -20"><span class='ocrx_word' id='word_1_200' title='bbox 148 2960 281 3038; x_wconf 87' lang='lat' dir='ltr'><strong>experiri</strong></span> <span class='ocrx_word' id='word_1_201' title='bbox 292 2960 376 3029; x_wconf 89' lang='lat' dir='ltr'><strong>certi,</strong></span> <span class='ocrx_word' id='word_1_202' title='bbox 394 2955 483 3038; x_wconf 87' lang='lat' dir='ltr'><strong>quarn</strong></span> <span class='ocrx_word' id='word_1_203' title='bbox 502 2966 597 3017; x_wconf 74' lang='lat' dir='ltr'><strong>ustum</strong></span> <span class='ocrx_word' id='word_1_204' title='bbox 616 2960 647 3016; x_wconf 91' lang='lat' dir='ltr'><strong>in</strong></span> <span class='ocrx_word' id='word_1_205' title='bbox 662 2958 798 3016; x_wconf 80' lang='lat' dir='ltr'><strong>Africam</strong></span> <span class='ocrx_word' id='word_1_206' title='bbox 819 2973 935 3013; x_wconf 89' lang='lat' dir='ltr'><strong>cursum</strong></span> <span class='ocrx_word' id='word_1_207' title='bbox 954 2952 1100 3011; x_wconf 84' lang='lat' dir='ltr'><strong>Romanis</strong></span> 
     </span>
     <span class='ocr_line' id='line_1_29' title="bbox 151 3048 1102 3134; baseline -0.009 -21"><span class='ocrx_word' id='word_1_208' title='bbox 151 3055 279 3114; x_wconf 65' lang='lat' dir='ltr'><strong>umbus</strong></span> <span class='ocrx_word' id='word_1_209' title='bbox 302 3055 510 3134; x_wconf 87' lang='lat' dir='ltr'><strong>permitterent.</strong></span> <span class='ocrx_word' id='word_1_210' title='bbox 553 3052 649 3131; x_wconf 79' lang='lat' dir='ltr'><strong>Igitur</strong></span> <span class='ocrx_word' id='word_1_211' title='bbox 667 3072 735 3111; x_wconf 90' lang='lat' dir='ltr'><strong>suos</strong></span> <span class='ocrx_word' id='word_1_212' title='bbox 750 3051 852 3132; x_wconf 85' lang='lat' dir='ltr'><strong>paucis</strong></span> <span class='ocrx_word' id='word_1_213' title='bbox 872 3048 1028 3117; x_wconf 85' lang='lat' dir='ltr'><strong>cohortati,</strong></span> <span class='ocrx_word' id='word_1_214' title='bbox 1050 3054 1102 3104; x_wconf 87' lang='lat' dir='ltr'><strong>‘ut</strong></span> 
     </span>
     <span class='ocr_line' id='line_1_30' title="bbox 150 3144 1102 3228; baseline -0.011 -19"><span class='ocrx_word' id='word_1_215' title='bbox 150 3170 296 3209; x_wconf 86' lang='lat' dir='ltr'><strong>memores</strong></span> <span class='ocrx_word' id='word_1_216' title='bbox 320 3170 379 3209; x_wconf 92' lang='lat' dir='ltr'><strong>non</strong></span> <span class='ocrx_word' id='word_1_217' title='bbox 400 3148 439 3209; x_wconf 92' lang='lat' dir='ltr'><strong>de</strong></span> <span class='ocrx_word' id='word_1_218' title='bbox 461 3150 649 3228; x_wconf 68' lang='lat' dir='ltr'><strong>presentibus</strong></span> <span class='ocrx_word' id='word_1_219' title='bbox 667 3147 769 3216; x_wconf 89' lang='lat' dir='ltr'><strong>modo,</strong></span> <span class='ocrx_word' id='word_1_220' title='bbox 790 3144 841 3204; x_wconf 90' lang='lat' dir='ltr'><strong>sed</strong></span> <span class='ocrx_word' id='word_1_221' title='bbox 863 3144 1008 3211; x_wconf 86' lang='lat' dir='ltr'><strong>omnibus,</strong></span> <span class='ocrx_word' id='word_1_222' title='bbox 1028 3161 1102 3221; x_wconf 87' lang='lat' dir='ltr'><strong>quos</strong></span> 
     </span>
    </p>
   </div>
   <div class='ocr_carea' id='block_1_5' title="bbox 1160 322 1247 389">
    <p class='ocr_par' dir='ltr' id='par_1_6' title="bbox 1160 322 1247 389">
     <span class='ocr_line' id='line_1_31' title="bbox 1160 322 1247 389; baseline -0.023 0"><span class='ocrx_word' id='word_1_223' title='bbox 1160 322 1247 389; x_wconf 78' lang='lat' dir='ltr'><strong>1be</strong></span> 
     </span>
    </p>
   </div>
   <div class='ocr_carea' id='block_1_6' title="bbox 149 3226 1206 3324">
    <p class='ocr_par' dir='ltr' id='par_1_7' title="bbox 149 3226 1206 3324">
     <span class='ocr_line' id='line_1_32' title="bbox 149 3226 1206 3324; baseline -0.011 -19"><span class='ocrx_word' id='word_1_224' title='bbox 149 3245 234 3305; x_wconf 84' lang='lat' dir='ltr'><strong>domi</strong></span> <span class='ocrx_word' id='word_1_225' title='bbox 247 3246 370 3324; x_wconf 88' lang='lat' dir='ltr'><strong>quisque</strong></span> <span class='ocrx_word' id='word_1_226' title='bbox 383 3245 544 3305; x_wconf 75' lang='lat' dir='ltr'><strong>canssimos</strong></span> <span class='ocrx_word' id='word_1_227' title='bbox 555 3244 706 3314; x_wconf 89' lang='lat' dir='ltr'><strong>baberent,</strong></span> <span class='ocrx_word' id='word_1_228' title='bbox 728 3240 917 3322; x_wconf 80' lang='lat' dir='ltr'><strong>pugnandum</strong></span> <span class='ocrx_word' id='word_1_229' title='bbox 933 3258 1007 3307; x_wconf 88' lang='lat' dir='ltr'><strong>esse,</strong></span> <span class='ocrx_word' id='word_1_230' title='bbox 1021 3234 1101 3296; x_wconf 87' lang='lat' dir='ltr'><strong>offir-</strong></span> <span class='ocrx_word' id='word_1_231' title='bbox 1202 3226 1206 3237; x_wconf 87' lang='grc'>’</span> 
     </span>
    </p>
   </div>
   <div class='ocr_carea' id='block_1_7' title="bbox 151 3336 1100 3515">
    <p class='ocr_par' dir='ltr' id='par_1_8' title="bbox 151 3336 1100 3515">
     <span class='ocr_line' id='line_1_33' title="bbox 151 3336 1100 3419; baseline -0.009 -19"><span class='ocrx_word' id='word_1_232' title='bbox 151 3342 243 3400; x_wconf 85' lang='lat' dir='ltr'><strong>matis</strong></span> <span class='ocrx_word' id='word_1_233' title='bbox 253 3350 286 3400; x_wconf 91' lang='lat' dir='ltr'><strong>et</strong></span> <span class='ocrx_word' id='word_1_234' title='bbox 298 3342 445 3401; x_wconf 84' lang='lat' dir='ltr'><strong>alacribus</strong></span> <span class='ocrx_word' id='word_1_235' title='bbox 452 3340 557 3399; x_wconf 83' lang='lat' dir='ltr'><strong>animis</strong></span> <span class='ocrx_word' id='word_1_236' title='bbox 563 3340 696 3419; x_wconf 75' lang='lat' dir='ltr'><strong>praelium</strong></span> <span class='ocrx_word' id='word_1_237' title='bbox 708 3336 913 3417; x_wconf 67' lang='lat' dir='ltr'><strong>capesserent:</strong></span> <span class='ocrx_word' id='word_1_238' title='bbox 928 3354 1017 3394; x_wconf 84' lang='lat' dir='ltr'><strong>naves</strong></span> <span class='ocrx_word' id='word_1_239' title='bbox 1030 3352 1100 3393; x_wconf 90' lang='lat' dir='ltr'><strong>con·</strong></span> 
     </span>
     <span class='ocr_line' id='line_1_34' title="bbox 151 3431 1099 3515; baseline -0.008 -20"><span class='ocrx_word' id='word_1_240' title='bbox 151 3435 308 3505; x_wconf 82' lang='lat' dir='ltr'><strong>scendunt,</strong></span> <span class='ocrx_word' id='word_1_241' title='bbox 326 3438 463 3515; x_wconf 89' lang='lat' dir='ltr'><strong>bonaque</strong></span> <span class='ocrx_word' id='word_1_242' title='bbox 475 3456 543 3494; x_wconf 93' lang='lat' dir='ltr'><strong>cum</strong></span> <span class='ocrx_word' id='word_1_243' title='bbox 554 3455 606 3514; x_wconf 90' lang='lat' dir='ltr'><strong>spe</strong></span> <span class='ocrx_word' id='word_1_244' title='bbox 618 3454 672 3493; x_wconf 88' lang='lat' dir='ltr'><strong>sna</strong></span> <span class='ocrx_word' id='word_1_245' title='bbox 690 3443 722 3492; x_wconf 90' lang='lat' dir='ltr'><strong>et</strong></span> <span class='ocrx_word' id='word_1_246' title='bbox 740 3432 888 3492; x_wconf 80' lang='lat' dir='ltr'><strong>navalium</strong></span> <span class='ocrx_word' id='word_1_247' title='bbox 904 3431 1047 3491; x_wconf 88' lang='lat' dir='ltr'><strong>sociorum</strong></span> <span class='ocrx_word' id='word_1_248' title='bbox 1060 3447 1099 3487; x_wconf 84' lang='lat' dir='ltr'><strong>ex</strong></span> 
     </span>
    </p>
   </div>
   <div class='ocr_carea' id='block_1_8' title="bbox 154 3526 1198 3611">
    <p class='ocr_par' dir='ltr' id='par_1_9' title="bbox 154 3526 1198 3611">
     <span class='ocr_line' id='line_1_35' title="bbox 154 3526 1198 3611; baseline 0.001 -25"><span class='ocrx_word' id='word_1_249' title='bbox 154 3538 243 3609; x_wconf 88' lang='lat' dir='ltr'><strong>portu</strong></span> <span class='ocrx_word' id='word_1_250' title='bbox 256 3531 430 3593; x_wconf 76' lang='lat' dir='ltr'><strong>erebunmr.</strong></span> <span class='ocrx_word' id='word_1_251' title='bbox 472 3530 584 3609; x_wconf 89' lang='lat' dir='ltr'><strong>Neque</strong></span> <span class='ocrx_word' id='word_1_252' title='bbox 601 3530 689 3607; x_wconf 79' lang='lat' dir='ltr'><strong>longe</strong></span> <span class='ocrx_word' id='word_1_253' title='bbox 706 3528 847 3587; x_wconf 83' lang='lat' dir='ltr'><strong>Romana</strong></span> <span class='ocrx_word' id='word_1_254' title='bbox 867 3526 968 3587; x_wconf 89' lang='lat' dir='ltr'><strong>classis</strong></span> <span class='ocrx_word' id='word_1_255' title='bbox 989 3527 1101 3586; x_wconf 88' lang='lat' dir='ltr'><strong>aberat.</strong></span> <span class='ocrx_word' id='word_1_256' title='bbox 1115 3560 1198 3611; x_wconf 81' lang='lat' dir='ltr'><strong>zonu.</strong></span> 
     </span>
    </p>
   </div>
   <div class='ocr_carea' id='block_1_9' title="bbox 157 3622 1102 3781">
    <p class='ocr_par' dir='ltr' id='par_1_10' title="bbox 157 3622 1102 3781">
     <span class='ocr_line' id='line_1_36' title="bbox 157 3622 1102 3707; baseline -0.006 -21"><span class='ocrx_word' id='word_1_257' title='bbox 157 3625 267 3705; x_wconf 84' lang='lat' dir='ltr'><strong>ltaque</strong></span> <span class='ocrx_word' id='word_1_258' title='bbox 281 3626 360 3685; x_wconf 87' lang='lat' dir='ltr'><strong>hand</strong></span> <span class='ocrx_word' id='word_1_259' title='bbox 377 3625 480 3707; x_wconf 90' lang='lat' dir='ltr'><strong>procul</strong></span> <span class='ocrx_word' id='word_1_260' title='bbox 494 3624 647 3684; x_wconf 85' lang='lat' dir='ltr'><strong>Heraclea</strong></span> <span class='ocrx_word' id='word_1_261' title='bbox 663 3626 728 3705; x_wconf 90' lang='lat' dir='ltr'><strong>pari</strong></span> <span class='ocrx_word' id='word_1_262' title='bbox 743 3624 889 3702; x_wconf 89' lang='lat' dir='ltr'><strong>utrimque</strong></span> <span class='ocrx_word' id='word_1_263' title='bbox 908 3622 1010 3682; x_wconf 89' lang='lat' dir='ltr'><strong>robore</strong></span> <span class='ocrx_word' id='word_1_264' title='bbox 1031 3641 1102 3681; x_wconf 90' lang='lat' dir='ltr'><strong>con-</strong></span> 
     </span>
     <span class='ocr_line' id='line_1_37' title="bbox 157 3722 292 3781; baseline -0.015 1"><span class='ocrx_word' id='word_1_265' title='bbox 157 3722 292 3781; x_wconf 86' lang='lat' dir='ltr'><strong>curritur.</strong></span> 
     </span>
    </p>
   </div>
   <div class='ocr_carea' id='block_1_10' title="bbox 198 3810 1267 3907">
    <p class='ocr_par' dir='ltr' id='par_1_11' title="bbox 198 3810 1267 3907">
     <span class='ocr_line' id='line_1_38' title="bbox 198 3810 1267 3907; baseline -0.003 -31"><span class='ocrx_word' id='word_1_266' title='bbox 198 3824 228 3876; x_wconf 75' lang='lat'><strong>5.</strong></span> <span class='ocrx_word' id='word_1_267' title='bbox 250 3816 338 3876; x_wconf 74' lang='lat' dir='ltr'><strong>Penii</strong></span> <span class='ocrx_word' id='word_1_268' title='bbox 351 3816 442 3875; x_wconf 86' lang='lat' dir='ltr'><strong>duces</strong></span> <span class='ocrx_word' id='word_1_269' title='bbox 454 3816 528 3874; x_wconf 89' lang='lat' dir='ltr'><strong>inter</strong></span> <span class='ocrx_word' id='word_1_270' title='bbox 545 3836 577 3874; x_wconf 89' lang='lat' dir='ltr'><strong>se</strong></span> <span class='ocrx_word' id='word_1_271' title='bbox 590 3816 633 3876; x_wconf 89' lang='lat' dir='ltr'><strong>ita</strong></span> <span class='ocrx_word' id='word_1_272' title='bbox 644 3822 896 3894; x_wconf 87' lang='lat' dir='ltr'><strong>comparaverant,</strong></span> <span class='ocrx_word' id='word_1_273' title='bbox 910 3821 943 3870; x_wconf 94' lang='lat' dir='ltr'><strong>ut</strong></span> <span class='ocrx_word' id='word_1_274' title='bbox 956 3812 986 3869; x_wconf 94' lang='lat' dir='ltr'><strong>in</strong></span> <span class='ocrx_word' id='word_1_275' title='bbox 998 3810 1103 3870; x_wconf 87' lang='lat' dir='ltr'><strong>dextro</strong></span> <span class='ocrx_word' id='word_1_276' title='bbox 1116 3840 1267 3907; x_wconf 73' lang='lat' dir='ltr'><strong>Polybnnt.</strong></span> 
     </span>
    </p>
   </div>
   <div class='ocr_carea' id='block_1_11' title="bbox 156 3904 1105 4168">
    <p class='ocr_par' dir='ltr' id='par_1_12' title="bbox 156 3904 1105 4168">
     <span class='ocr_line' id='line_1_39' title="bbox 156 3904 1103 3988; baseline -0.008 -16"><span class='ocrx_word' id='word_1_277' title='bbox 156 3932 249 3973; x_wconf 84' lang='lat' dir='ltr'><strong>cornu</strong></span> <span class='ocrx_word' id='word_1_278' title='bbox 265 3912 380 3971; x_wconf 83' lang='lat' dir='ltr'><strong>Hanno</strong></span> <span class='ocrx_word' id='word_1_279' title='bbox 393 3921 523 3979; x_wconf 88' lang='lat' dir='ltr'><strong>curaret;</strong></span> <span class='ocrx_word' id='word_1_280' title='bbox 552 3914 747 3988; x_wconf 80' lang='lat' dir='ltr'><strong>(enatantem</strong></span> <span class='ocrx_word' id='word_1_281' title='bbox 768 3908 846 3969; x_wconf 89' lang='lat' dir='ltr'><strong>idem</strong></span> <span class='ocrx_word' id='word_1_282' title='bbox 866 3906 929 3977; x_wconf 89' lang='lat' dir='ltr'><strong>ille,</strong></span> <span class='ocrx_word' id='word_1_283' title='bbox 953 3906 1004 3983; x_wconf 94' lang='lat' dir='ltr'><strong>qui</strong></span> <span class='ocrx_word' id='word_1_284' title='bbox 1025 3904 1103 3985; x_wconf 92' lang='lat' dir='ltr'><strong>apud</strong></span> 
     </span>
     <span class='ocr_line' id='line_1_40' title="bbox 157 3996 1105 4087; baseline -0.008 -19"><span class='ocrx_word' id='word_1_285' title='bbox 157 4009 358 4087; x_wconf 75' lang='lat' dir='ltr'><strong>Agrigentum</strong></span> <span class='ocrx_word' id='word_1_286' title='bbox 371 4008 528 4067; x_wconf 87' lang='lat' dir='ltr'><strong>infeliciter</strong></span> <span class='ocrx_word' id='word_1_287' title='bbox 539 4010 754 4087; x_wconf 76' lang='lat' dir='ltr'><strong>pugnaverat3)</strong></span> <span class='ocrx_word' id='word_1_288' title='bbox 772 4004 876 4065; x_wconf 87' lang='lat' dir='ltr'><strong>ceteris</strong></span> <span class='ocrx_word' id='word_1_289' title='bbox 888 4010 1023 4082; x_wconf 80' lang='lat' dir='ltr'><strong>preesset</strong></span> <span class='ocrx_word' id='word_1_290' title='bbox 1036 3996 1105 4061; x_wconf 84' lang='lat' dir='ltr'><strong>Ha·</strong></span> 
     </span>
     <span class='ocr_line' id='line_1_41' title="bbox 158 4098 1105 4168; baseline -0.012 0"><span class='ocrx_word' id='word_1_291' title='bbox 158 4106 273 4168; x_wconf 88' lang='lat' dir='ltr'><strong>milcar.</strong></span> <span class='ocrx_word' id='word_1_292' title='bbox 305 4104 413 4167; x_wconf 83' lang='lat' dir='ltr'><strong>Nares</strong></span> <span class='ocrx_word' id='word_1_293' title='bbox 425 4112 524 4165; x_wconf 84' lang='lat' dir='ltr'><strong>autem</strong></span> <span class='ocrx_word' id='word_1_294' title='bbox 536 4122 604 4165; x_wconf 85' lang='lat' dir='ltr'><strong>suas</strong></span> <span class='ocrx_word' id='word_1_295' title='bbox 614 4100 819 4165; x_wconf 72' lang='lat' dir='ltr'><strong>animadversa</strong></span> <span class='ocrx_word' id='word_1_296' title='bbox 831 4098 1034 4161; x_wconf 86' lang='lat' dir='ltr'><strong>Romanorum</strong></span> <span class='ocrx_word' id='word_1_297' title='bbox 1042 4098 1105 4158; x_wconf 86' lang='lat' dir='ltr'><strong>acie</strong></span> 
     </span>
    </p>
   </div>
   <div class='ocr_carea' id='block_1_12' title="bbox 0 0 1494 4767">
    <p class='ocr_par' dir='ltr' id='par_1_13' title="bbox 0 0 1494 4767">
     <span class='ocr_line' id='line_1_42' title="bbox 0 0 1494 4767; baseline 0 0"><span class='ocrx_word' id='word_1_298' title='bbox 0 0 1494 4767; x_wconf 95' lang='lat' dir='ltr'><strong> </strong></span> 
     </span>
    </p>
   </div>
  </div>
 </body>
</html>
