2917 4767
232 332 324 401 1438
433 349 469 396 Τ.
493 346 585 397 mvn
613 346 714 395 nram
740 346 813 395 ¹11.
835 344 1162 395 SUPPLBMNTUM.

397 494 460 565 sed,
481 492 552 574 quia
568 492 669 552 multis
689 492 727 551 ab
749 492 834 551 annis
851 490 999 553 Messanae
1018 492 1216 561 habitaverat,
1228 494 1347 570 origine
1452 475 1453 478 Ἴ

397 610 456 650 non
471 588 567 649 Decio
577 595 701 657 tantum,
713 607 862 665 nunquam
880 587 937 647 uili
949 586 1151 665 Rheginorum
1162 608 1194 647 sc
1205 580 1350 647 commis-

397 704 475 755 suro,
488 682 541 743 sed
554 682 701 763 plerisque
711 682 844 759 ejusdcm
856 682 936 742 urbis
948 682 1054 743 incolis
1065 684 1258 764 incomperta.
1283 682 1351 742 Ilio

398 798 507 839 memor
530 780 643 859 petrice,
667 786 698 837 et
720 778 842 856 injurias
860 780 926 857 ejus
945 778 1048 838 ulcisci
1066 787 1174 849 certis,
1187 778 1353 857 persuadet

399 874 522 945 homini,
533 894 567 937 ss
579 881 726 933 strennum
735 872 855 951 quidem
864 873 967 933 afferre
979 874 1149 943 remedium,
1158 874 1211 944 sed
1223 884 1353 933 eventus

400 971 468 1040 tuti,
484 970 701 1047 celerrimaequc
715 966 864 1029 efficaciae.
907 968 960 1028 Sic
977 968 1099 1029 admoto
1116 968 1353 1039 medicamento,

282 1052 288 1067 ’
323 1086 331 1103 ·
402 1064 481 1143 quod
504 1064 706 1125 cantharidum
731 1084 819 1124 succo
843 1072 1068 1144 temperaverat,
1091 1065 1242 1143 vetitoque
1266 1064 1352 1135 tolli,

402 1160 570 1239 priusquam
589 1160 651 1239 ipse
672 1180 804 1219 reversus
822 1158 862 1218 ad
882 1178 991 1236 egsum
1007 1169 1095 1229 esset,
1107 1160 1170 1218 sine
1182 1179 1265 1219 mora
1276 1179 1354 1219 con-

402 1273 504 1315 scenso
518 1254 649 1331 navigio,
662 1273 700 1312 ex
714 1255 786 1313 urbe
797 1253 938 1314 Messana
950 1254 1088 1333 profugit.
1130 1254 1243 1313 Decius
1253 1256 1355 1314 incre-

402 1347 489 1409 dibili
500 1348 603 1408 dolore
615 1350 688 1408 satis
698 1349 752 1409 diu
763 1347 899 1420 tolerato,
913 1358 1068 1429 postquam
1081 1348 1212 1409 medicis
1224 1369 1286 1409 non
1302 1371 1356 1409 re-

404 1442 460 1514 dit,
472 1446 599 1505 amoveri
612 1443 769 1524 collyrium
776 1445 884 1522 jubet:
914 1464 951 1503 eo
970 1444 1078 1514 diluto,
1090 1444 1250 1507 inminibus
1261 1446 1356 1505 orba·

404 1546 466 1597 tum
489 1560 520 1599 se
544 1540 661 1619 reperit.
717 1538 769 1599 Ita
791 1538 918 1610 infamis,
941 1539 1025 1608 exul,
1045 1548 1220 1610 contemtus,
1242 1560 1357 1609 curas,

405 1634 505 1693 animo
516 1642 548 1694 et
560 1653 680 1712 corpore
698 1649 788 1711 agro,
805 1642 947 1712 tanquam
965 1634 1091 1694 vinculis
1111 1635 1298 1705 constrictus,
1311 1636 1357 1695 ad
1383 1696 1390 1707 ,

407 1746 521 1807 poenam
534 1737 682 1789 servatur:
704 1729 779 1787 miro
790 1727 919 1806 quodam
929 1728 1039 1789 diriore
1047 1729 1169 1788 ultionis
1179 1731 1310 1807 ingenio,
1320 1742 1361 1789 nt

409 1821 447 1881 ab
456 1842 504 1893 eo,
512 1825 560 1882 cui
568 1822 692 1883 salutem
699 1842 782 1883 suam
789 1821 965 1894 crediderat,
973 1822 1359 1904 clademistnmpateretnr,

409 1918 461 1996 qui
480 1920 560 1998 prius
580 1919 653 1998 ipse,
667 1938 742 1999 quos
760 1918 836 1977 tueri
851 1917 1004 1988 debuerat,
1018 1920 1201 1980 immanitate
1212 1919 1359 1999 perfidia-

410 2029 467 2089 que
478 2014 724 2075 circumvenisset.
766 2012 845 2079 Qnae
855 2012 1034 2076 documenta
1049 2014 1178 2074 historiis
1187 2017 1361 2094 consignari

410 2107 545 2187 tradique
559 2109 673 2185 generis
685 2108 805 2176 humani
823 2109 954 2179 interest,
966 2109 1014 2169 coi
1032 2128 1181 2189 nunquam
1197 2112 1272 2170 satis
1288 2132 1361 2191 psr-

409 2202 558 2273 suadetur,
582 2212 724 2279 quantum
749 2222 769 2261 a
793 2212 875 2263 recta
896 2202 1056 2283 prudentiae
1080 2206 1194 2265 ratione
1218 2207 1300 2265 absit
1320 2228 1363 2267 ea

410 2297 570 2366 calliditas,
584 2316 635 2376 per
646 2317 736 2375 quam
748 2299 787 2357 ob
799 2295 876 2359 falsa
887 2290 1023 2377 quiedam
1032 2299 1112 2361 bona
1118 2301 1225 2361 virtute
1236 2300 1362 2380 fideque

414 2392 528 2472 spretis,
540 2410 592 2470 psr
602 2390 695 2454 sodes
706 2400 738 2451 st
748 2393 863 2472 iniquas
874 2393 1013 2453 libidines
1022 2394 1054 2455 in
1067 2413 1137 2454 vera
1149 2396 1229 2455 mala
1239 2398 1348 2457 ruitur.
