<?xml version="1.0" encoding="UTF-8"?>
<!DOCTYPE html PUBLIC "-//W3C//DTD XHTML 1.0 Transitional//EN"
    "http://www.w3.org/TR/xhtml1/DTD/xhtml1-transitional.dtd">
<html xmlns="http://www.w3.org/1999/xhtml" xml:lang="en" lang="en">
 <head>
  <title>
</title>
<meta http-equiv="Content-Type" content="text/html;charset=utf-8" />
  <meta name='ocr-system' content='tesseract 3.04.00' />
  <meta name='ocr-capabilities' content='ocr_page ocr_carea ocr_par ocr_line ocrx_word'/>
</head>
<body>
  <div class='ocr_page' id='page_1' title='image "./tliviipatavinih00unkngoog/tliviipatavinih00unkngoog_0409.png"; bbox 0 0 2917 4767; ppageno 0'>
   <div class='ocr_carea' id='block_1_1' title="bbox 444 375 1192 442">
    <p class='ocr_par' dir='ltr' id='par_1_1' title="bbox 444 375 1192 442">
     <span class='ocr_line' id='line_1_1' title="bbox 444 375 1192 442; baseline 0.003 -2"><span class='ocrx_word' id='word_1_1' title='bbox 444 393 518 441; x_wconf 81' lang='lat' dir='ltr'><strong>ura.</strong></span> <span class='ocrx_word' id='word_1_2' title='bbox 542 391 647 440; x_wconf 79' lang='lat' dir='ltr'><strong>xnrr.</strong></span> <span class='ocrx_word' id='word_1_3' title='bbox 670 390 752 438; x_wconf 75' lang='lat' dir='ltr'><strong>car.</strong></span> <span class='ocrx_word' id='word_1_4' title='bbox 774 375 828 439; x_wconf 72' lang='lat'><strong>12.</strong></span> <span class='ocrx_word' id='word_1_5' title='bbox 1108 377 1192 442; x_wconf 81' lang='grc'><strong>1789</strong></span> 
     </span>
    </p>
   </div>
   <div class='ocr_carea' id='block_1_2' title="bbox 72 533 1191 2847">
    <p class='ocr_par' dir='ltr' id='par_1_2' title="bbox 72 533 1191 2847">
     <span class='ocr_line' id='line_1_2' title="bbox 122 533 1188 616; baseline -0.001 -14"><span class='ocrx_word' id='word_1_6' title='bbox 122 537 185 604; x_wconf 61' lang='grc'><strong>12</strong></span> <span class='ocrx_word' id='word_1_7' title='bbox 209 538 377 613; x_wconf 83' lang='lat' dir='ltr'><strong>Diutatur,</strong></span> <span class='ocrx_word' id='word_1_8' title='bbox 397 536 552 600; x_wconf 79' lang='lat' dir='ltr'><strong>exercitu</strong></span> <span class='ocrx_word' id='word_1_9' title='bbox 567 533 716 597; x_wconf 80' lang='lat' dir='ltr'><strong>consulis</strong></span> <span class='ocrx_word' id='word_1_10' title='bbox 732 537 870 616; x_wconf 83' lang='lat' dir='ltr'><strong>accepto</strong></span> <span class='ocrx_word' id='word_1_11' title='bbox 887 533 1041 599; x_wconf 86' lang='lat' dir='ltr'><strong>aFulvio</strong></span> <span class='ocrx_word' id='word_1_12' title='bbox 1060 534 1188 601; x_wconf 80' lang='lat' dir='ltr'><strong>Flacco</strong></span> 
     </span>
     <span class='ocr_line' id='line_1_3' title="bbox 72 633 1190 721; baseline -0.001 -19"><span class='ocrx_word' id='word_1_13' title='bbox 72 637 211 720; x_wconf 71' lang='lat' dir='ltr'><strong>legato,</strong></span> <span class='ocrx_word' id='word_1_14' title='bbox 227 658 289 721; x_wconf 91' lang='lat' dir='ltr'><strong>per</strong></span> <span class='ocrx_word' id='word_1_15' title='bbox 303 656 419 718; x_wconf 74' lang='lat' dir='ltr'><strong>agrum</strong></span> <span class='ocrx_word' id='word_1_16' title='bbox 431 637 594 700; x_wconf 89' lang='lat' dir='ltr'><strong>Sabinum</strong></span> <span class='ocrx_word' id='word_1_17' title='bbox 609 635 727 710; x_wconf 81' lang='lat' dir='ltr'><strong>Tibur,</strong></span> <span class='ocrx_word' id='word_1_18' title='bbox 743 653 813 715; x_wconf 92' lang='lat' dir='ltr'><strong>quo</strong></span> <span class='ocrx_word' id='word_1_19' title='bbox 828 633 916 698; x_wconf 90' lang='lat' dir='ltr'><strong>diem</strong></span> <span class='ocrx_word' id='word_1_20' title='bbox 930 643 953 672; x_wconf 86' lang='lat'><strong>&#39;¹</strong></span> <span class='ocrx_word' id='word_1_21' title='bbox 975 636 1018 700; x_wconf 90' lang='lat' dir='ltr'><strong>ad</strong></span> <span class='ocrx_word' id='word_1_22' title='bbox 1035 640 1190 702; x_wconf 86' lang='lat' dir='ltr'><strong>conveni·</strong></span> 
     </span>
     <span class='ocr_line' id='line_1_4' title="bbox 73 735 1188 811; baseline 0.002 -11"><span class='ocrx_word' id='word_1_23' title='bbox 73 741 209 803; x_wconf 85' lang='lat' dir='ltr'><strong>endum</strong></span> <span class='ocrx_word' id='word_1_24' title='bbox 225 741 376 804; x_wconf 77' lang='lat' dir='ltr'>edixerat</span> <span class='ocrx_word' id='word_1_25' title='bbox 394 741 490 802; x_wconf 85' lang='lat' dir='ltr'><strong>noris</strong></span> <span class='ocrx_word' id='word_1_26' title='bbox 505 736 676 811; x_wconf 82' lang='lat' dir='ltr'><strong>militibus,</strong></span> <span class='ocrx_word' id='word_1_27' title='bbox 693 735 802 798; x_wconf 85' lang='lat' dir='ltr'><strong>venit:</strong></span> <span class='ocrx_word' id='word_1_28' title='bbox 826 735 903 800; x_wconf 90' lang='lat' dir='ltr'><strong>inde</strong></span> <span class='ocrx_word' id='word_1_29' title='bbox 918 736 1092 800; x_wconf 73' lang='lat' dir='ltr'><strong>Praeneste</strong></span> <span class='ocrx_word' id='word_1_30' title='bbox 1112 757 1153 802; x_wconf 86' lang='lat' dir='ltr'><strong>au</strong></span> <span class='ocrx_word' id='word_1_31' title='bbox 1165 747 1188 786; x_wconf 85' lang='lat'><strong>¹¹</strong></span> 
     </span>
     <span class='ocr_line' id='line_1_5' title="bbox 75 821 1190 919; baseline 0.003 -17"><span class='ocrx_word' id='word_1_32' title='bbox 75 842 292 904; x_wconf 81' lang='lat' dir='ltr'><strong>transversis</strong></span> <span class='ocrx_word' id='word_1_33' title='bbox 300 839 461 903; x_wconf 91' lang='lat' dir='ltr'><strong>limitibus</strong></span> <span class='ocrx_word' id='word_1_34' title='bbox 470 839 506 900; x_wconf 91' lang='lat' dir='ltr'><strong>in</strong></span> <span class='ocrx_word' id='word_1_35' title='bbox 516 837 625 900; x_wconf 85' lang='lat' dir='ltr'><strong>vium·</strong></span> <span class='ocrx_word' id='word_1_36' title='bbox 638 835 794 900; x_wconf 79' lang='lat' dir='ltr'><strong>Latinam</strong></span> <span class='ocrx_word' id='word_1_37' title='bbox 806 845 857 902; x_wconf 92' lang='lat' dir='ltr'><strong>est</strong></span> <span class='ocrx_word' id='word_1_38' title='bbox 868 821 1038 919; x_wconf 73' lang='lat' dir='ltr'><strong>egressus:</strong></span> <span class='ocrx_word' id='word_1_39' title='bbox 1053 843 1078 886; x_wconf 79' lang='lat'><strong>¹⁴</strong></span> <span class='ocrx_word' id='word_1_40' title='bbox 1093 839 1190 918; x_wconf 89' lang='lat' dir='ltr'><strong>unde,</strong></span> 
     </span>
     <span class='ocr_line' id='line_1_6' title="bbox 75 938 1190 1021; baseline 0.004 -19"><span class='ocrx_word' id='word_1_41' title='bbox 75 941 267 1006; x_wconf 80' lang='lat' dir='ltr'><strong>itineribus</strong></span> <span class='ocrx_word' id='word_1_42' title='bbox 289 959 421 1004; x_wconf 85' lang='lat' dir='ltr'><strong>summa</strong></span> <span class='ocrx_word' id='word_1_43' title='bbox 440 958 515 1002; x_wconf 88' lang='lat' dir='ltr'><strong>cum</strong></span> <span class='ocrx_word' id='word_1_44' title='bbox 542 955 624 1002; x_wconf 84' lang='lat' dir='ltr'><strong>cura</strong></span> <span class='ocrx_word' id='word_1_45' title='bbox 647 938 849 1020; x_wconf 79' lang='lat' dir='ltr'><strong>exploratis,</strong></span> <span class='ocrx_word' id='word_1_46' title='bbox 871 939 914 1004; x_wconf 85' lang='lat' dir='ltr'><strong>ad</strong></span> <span class='ocrx_word' id='word_1_47' title='bbox 937 940 1065 1006; x_wconf 82' lang='lat' dir='ltr'><strong>hostem</strong></span> <span class='ocrx_word' id='word_1_48' title='bbox 1080 941 1190 1021; x_wconf 81' lang='lat' dir='ltr'><strong>ducit3</strong></span> 
     </span>
     <span class='ocr_line' id='line_1_7' title="bbox 77 1040 1191 1124; baseline 0.002 -20"><span class='ocrx_word' id='word_1_49' title='bbox 77 1044 180 1107; x_wconf 89' lang='lat' dir='ltr'><strong>nullo</strong></span> <span class='ocrx_word' id='word_1_50' title='bbox 206 1045 296 1118; x_wconf 85' lang='lat' dir='ltr'><strong>loeo,</strong></span> <span class='ocrx_word' id='word_1_51' title='bbox 316 1042 380 1105; x_wconf 86' lang='lat' dir='ltr'><strong>nisi</strong></span> <span class='ocrx_word' id='word_1_52' title='bbox 406 1047 564 1124; x_wconf 89' lang='lat' dir='ltr'><strong>quantum</strong></span> <span class='ocrx_word' id='word_1_53' title='bbox 590 1040 781 1104; x_wconf 77' lang='lat' dir='ltr'><strong>necessitas</strong></span> <span class='ocrx_word' id='word_1_54' title='bbox 809 1049 957 1120; x_wconf 83' lang='lat' dir='ltr'><strong>cogeret,</strong></span> <span class='ocrx_word' id='word_1_55' title='bbox 985 1041 1126 1106; x_wconf 82' lang='lat' dir='ltr'><strong>fortunae</strong></span> <span class='ocrx_word' id='word_1_56' title='bbox 1153 1061 1191 1106; x_wconf 87' lang='lat' dir='ltr'><strong>se</strong></span> 
     </span>
     <span class='ocr_line' id='line_1_8' title="bbox 78 1141 1189 1225; baseline 0 -19"><span class='ocrx_word' id='word_1_57' title='bbox 78 1145 346 1207; x_wconf 86' lang='lat' dir='ltr'><strong>commissurus.</strong></span> <span class='ocrx_word' id='word_1_58' title='bbox 368 1141 448 1220; x_wconf 80' lang='lat' dir='ltr'><strong>Quo</strong></span> <span class='ocrx_word' id='word_1_59' title='bbox 465 1143 606 1224; x_wconf 89' lang='lat' dir='ltr'><strong>primum</strong></span> <span class='ocrx_word' id='word_1_60' title='bbox 620 1141 675 1204; x_wconf 90' lang='lat' dir='ltr'><strong>die</strong></span> <span class='ocrx_word' id='word_1_61' title='bbox 688 1141 776 1206; x_wconf 86' lang='lat' dir='ltr'><strong>baud</strong></span> <span class='ocrx_word' id='word_1_62' title='bbox 789 1142 905 1223; x_wconf 86' lang='lat' dir='ltr'><strong>procul</strong></span> <span class='ocrx_word' id='word_1_63' title='bbox 917 1141 1051 1225; x_wconf 82' lang='lat' dir='ltr'><strong>Arpis¹⁵</strong></span> <span class='ocrx_word' id='word_1_64' title='bbox 1068 1144 1101 1206; x_wconf 91' lang='lat' dir='ltr'><strong>in</strong></span> <span class='ocrx_word' id='word_1_65' title='bbox 1113 1163 1189 1207; x_wconf 90' lang='lat' dir='ltr'><strong>con-</strong></span> 
     </span>
     <span class='ocr_line' id='line_1_9' title="bbox 81 1242 1188 1326; baseline 0 -18"><span class='ocrx_word' id='word_1_66' title='bbox 81 1253 211 1326; x_wconf 85' lang='lat' dir='ltr'><strong>speetu</strong></span> <span class='ocrx_word' id='word_1_67' title='bbox 222 1244 369 1308; x_wconf 87' lang='lat' dir='ltr'><strong>bostium</strong></span> <span class='ocrx_word' id='word_1_68' title='bbox 383 1244 497 1325; x_wconf 83' lang='lat' dir='ltr'><strong>posuit</strong></span> <span class='ocrx_word' id='word_1_69' title='bbox 511 1250 636 1317; x_wconf 85' lang='lat' dir='ltr'><strong>castra,</strong></span> <span class='ocrx_word' id='word_1_70' title='bbox 651 1242 745 1306; x_wconf 86' lang='lat' dir='ltr'><strong>nullu</strong></span> <span class='ocrx_word' id='word_1_71' title='bbox 755 1261 845 1306; x_wconf 91' lang='lat' dir='ltr'><strong>mura</strong></span> <span class='ocrx_word' id='word_1_72' title='bbox 856 1242 956 1319; x_wconf 86' lang='lat' dir='ltr'><strong>facta,</strong></span> <span class='ocrx_word' id='word_1_73' title='bbox 968 1245 1046 1325; x_wconf 89' lang='lat' dir='ltr'><strong>quin</strong></span> <span class='ocrx_word' id='word_1_74' title='bbox 1063 1243 1188 1309; x_wconf 87' lang='lat' dir='ltr'><strong>Poenus</strong></span> 
     </span>
     <span class='ocr_line' id='line_1_10' title="bbox 79 1334 1191 1425; baseline 0.002 -17"><span class='ocrx_word' id='word_1_75' title='bbox 79 1347 250 1410; x_wconf 85' lang='lat' dir='ltr'><strong>educeret</strong></span> <span class='ocrx_word' id='word_1_76' title='bbox 271 1346 306 1407; x_wconf 92' lang='lat' dir='ltr'><strong>iu</strong></span> <span class='ocrx_word' id='word_1_77' title='bbox 320 1334 448 1417; x_wconf 80' lang='lat' dir='ltr'><strong>aciem,</strong></span> <span class='ocrx_word' id='word_1_78' title='bbox 474 1345 676 1425; x_wconf 86' lang='lat' dir='ltr'><strong>cupiamque</strong></span> <span class='ocrx_word' id='word_1_79' title='bbox 697 1343 867 1425; x_wconf 83' lang='lat' dir='ltr'><strong>pugnandi</strong></span> <span class='ocrx_word' id='word_1_80' title='bbox 889 1344 1031 1410; x_wconf 86' lang='lat' dir='ltr'><strong>faceret:</strong></span> <span class='ocrx_word' id='word_1_81' title='bbox 1055 1345 1115 1410; x_wconf 89' lang='lat' dir='ltr'><strong>sed</strong></span> <span class='ocrx_word' id='word_1_82' title='bbox 1133 1346 1191 1410; x_wconf 92' lang='lat' dir='ltr'><strong>nbi</strong></span> 
     </span>
     <span class='ocr_line' id='line_1_11' title="bbox 81 1445 1190 1529; baseline -0.001 -19"><span class='ocrx_word' id='word_1_83' title='bbox 81 1449 207 1529; x_wconf 87' lang='lat' dir='ltr'><strong>quieta</strong></span> <span class='ocrx_word' id='word_1_84' title='bbox 219 1448 334 1511; x_wconf 83' lang='lat' dir='ltr'><strong>omnia</strong></span> <span class='ocrx_word' id='word_1_85' title='bbox 358 1447 452 1528; x_wconf 84' lang='lat' dir='ltr'><strong>apud</strong></span> <span class='ocrx_word' id='word_1_86' title='bbox 478 1446 604 1522; x_wconf 88' lang='lat' dir='ltr'><strong>hostes,</strong></span> <span class='ocrx_word' id='word_1_87' title='bbox 627 1463 687 1508; x_wconf 85' lang='lat' dir='ltr'><strong>nee</strong></span> <span class='ocrx_word' id='word_1_88' title='bbox 710 1453 822 1508; x_wconf 84' lang='lat' dir='ltr'><strong>eastra</strong></span> <span class='ocrx_word' id='word_1_89' title='bbox 844 1445 913 1510; x_wconf 92' lang='lat' dir='ltr'><strong>ullo</strong></span> <span class='ocrx_word' id='word_1_90' title='bbox 930 1447 1073 1510; x_wconf 86' lang='lat' dir='ltr'><strong>tumultu</strong></span> <span class='ocrx_word' id='word_1_91' title='bbox 1097 1453 1190 1510; x_wconf 85' lang='lat' dir='ltr'><strong>mota</strong></span> 
     </span>
     <span class='ocr_line' id='line_1_12' title="bbox 81 1545 1189 1631; baseline 0 -21"><span class='ocrx_word' id='word_1_92' title='bbox 81 1549 207 1627; x_wconf 81' lang='lat' dir='ltr'><strong>videt3</strong></span> <span class='ocrx_word' id='word_1_93' title='bbox 229 1550 407 1631; x_wconf 85' lang='lat' dir='ltr'><strong>increpans</strong></span> <span class='ocrx_word' id='word_1_94' title='bbox 427 1547 572 1630; x_wconf 88' lang='lat' dir='ltr'><strong>quidem,</strong></span> <span class='ocrx_word' id='word_1_95' title='bbox 601 1547 712 1610; x_wconf 84' lang='lat' dir='ltr'><strong>vietus</strong></span> <span class='ocrx_word' id='word_1_96' title='bbox 737 1545 870 1610; x_wconf 83' lang='lat' dir='ltr'><strong>tandem</strong></span> <span class='ocrx_word' id='word_1_97' title='bbox 891 1565 1023 1628; x_wconf 89' lang='lat' dir='ltr'><strong>quoque</strong></span> <span class='ocrx_word' id='word_1_98' title='bbox 1045 1545 1189 1610; x_wconf 86' lang='lat' dir='ltr'><strong>Martios</strong></span> 
     </span>
     <span class='ocr_line' id='line_1_13' title="bbox 84 1642 1190 1730; baseline -0.003 -17"><span class='ocrx_word' id='word_1_99' title='bbox 84 1651 225 1714; x_wconf 85' lang='lat' dir='ltr'><strong>animos</strong></span> <span class='ocrx_word' id='word_1_100' title='bbox 241 1647 444 1725; x_wconf 86' lang='lat' dir='ltr'><strong>Romanis,¹⁶</strong></span> <span class='ocrx_word' id='word_1_101' title='bbox 465 1648 738 1728; x_wconf 81' lang='lat' dir='ltr'><strong>debellatumque</strong></span> <span class='ocrx_word' id='word_1_102' title='bbox 753 1653 786 1710; x_wconf 90' lang='lat' dir='ltr'><strong>et</strong></span> <span class='ocrx_word' id='word_1_103' title='bbox 800 1665 999 1712; x_wconf 81' lang='lat' dir='ltr'><strong>concessum</strong></span> <span class='ocrx_word' id='word_1_104' title='bbox 1010 1654 1034 1694; x_wconf 89' lang='lat'><strong>¹⁷</strong></span> <span class='ocrx_word' id='word_1_105' title='bbox 1046 1642 1056 1679; x_wconf 75' lang='lat' dir='ltr'><strong>r</strong></span> <span class='ocrx_word' id='word_1_106' title='bbox 1068 1665 1190 1730; x_wconf 86' lang='lat' dir='ltr'><strong>propa·</strong></span> 
     </span>
     <span class='ocr_line' id='line_1_14' title="bbox 82 1746 1190 1830; baseline -0.004 -15"><span class='ocrx_word' id='word_1_107' title='bbox 82 1753 157 1816; x_wconf 82' lang='lat' dir='ltr'><strong>lam</strong></span> <span class='ocrx_word' id='word_1_108' title='bbox 171 1751 215 1814; x_wconf 90' lang='lat' dir='ltr'><strong>de</strong></span> <span class='ocrx_word' id='word_1_109' title='bbox 228 1750 346 1814; x_wconf 79' lang='lat' dir='ltr'><strong>virtute</strong></span> <span class='ocrx_word' id='word_1_110' title='bbox 359 1769 400 1814; x_wconf 85' lang='lat' dir='ltr'><strong>ao</strong></span> <span class='ocrx_word' id='word_1_111' title='bbox 410 1750 517 1830; x_wconf 73' lang='lat' dir='ltr'><strong>gloria</strong></span> <span class='ocrx_word' id='word_1_112' title='bbox 528 1767 615 1825; x_wconf 89' lang='lat' dir='ltr'><strong>ease,</strong></span> <span class='ocrx_word' id='word_1_113' title='bbox 631 1749 786 1812; x_wconf 84' lang='lat' dir='ltr'><strong>incastra</strong></span> <span class='ocrx_word' id='word_1_114' title='bbox 796 1746 914 1812; x_wconf 88' lang='lat' dir='ltr'><strong>rediit:</strong></span> <span class='ocrx_word' id='word_1_115' title='bbox 930 1754 1076 1810; x_wconf 84' lang='lat' dir='ltr'><strong>ceterum</strong></span> <span class='ocrx_word' id='word_1_116' title='bbox 1086 1748 1190 1811; x_wconf 89' lang='lat' dir='ltr'><strong>tacita</strong></span> 
     </span>
     <span class='ocr_line' id='line_1_15' title="bbox 83 1847 1188 1932; baseline -0.004 -16"><span class='ocrx_word' id='word_1_117' title='bbox 83 1871 174 1916; x_wconf 85' lang='lat' dir='ltr'><strong>cura</strong></span> <span class='ocrx_word' id='word_1_118' title='bbox 196 1853 344 1916; x_wconf 85' lang='lat' dir='ltr'><strong>animum</strong></span> <span class='ocrx_word' id='word_1_119' title='bbox 366 1849 563 1926; x_wconf 82' lang='lat' dir='ltr'><strong>incensus,¹⁸</strong></span> <span class='ocrx_word' id='word_1_120' title='bbox 594 1849 685 1932; x_wconf 86' lang='lat' dir='ltr'><strong>quod</strong></span> <span class='ocrx_word' id='word_1_121' title='bbox 711 1869 786 1912; x_wconf 89' lang='lat' dir='ltr'><strong>curn</strong></span> <span class='ocrx_word' id='word_1_122' title='bbox 808 1849 903 1924; x_wconf 83' lang='lat' dir='ltr'><strong>duee,</strong></span> <span class='ocrx_word' id='word_1_123' title='bbox 927 1847 1188 1932; x_wconf 82' lang='lat' dir='ltr'><strong>haudquaquam</strong></span> 
     </span>
     <span class='ocr_line' id='line_1_16' title="bbox 83 1950 1189 2034; baseline -0.004 -16"><span class='ocrx_word' id='word_1_124' title='bbox 83 1953 264 2018; x_wconf 81' lang='lat' dir='ltr'><strong>Flaminio</strong></span> <span class='ocrx_word' id='word_1_125' title='bbox 288 1951 555 2034; x_wconf 87' lang='lat' dir='ltr'><strong>Sempronioque</strong></span> <span class='ocrx_word' id='word_1_126' title='bbox 576 1951 692 2027; x_wconf 87' lang='lat' dir='ltr'><strong>simili,</strong></span> <span class='ocrx_word' id='word_1_127' title='bbox 717 1950 830 2014; x_wconf 86' lang='lat' dir='ltr'><strong>sutura</strong></span> <span class='ocrx_word' id='word_1_128' title='bbox 852 1951 916 2014; x_wconf 87' lang='lat' dir='ltr'><strong>sibi</strong></span> <span class='ocrx_word' id='word_1_129' title='bbox 940 1969 991 2014; x_wconf 87' lang='lat' dir='ltr'><strong>res</strong></span> <span class='ocrx_word' id='word_1_130' title='bbox 1016 1958 1125 2029; x_wconf 90' lang='lat' dir='ltr'><strong>esset;</strong></span> <span class='ocrx_word' id='word_1_131' title='bbox 1148 1970 1189 2014; x_wconf 87' lang='lat' dir='ltr'><strong>ac</strong></span> 
     </span>
     <span class='ocr_line' id='line_1_17' title="bbox 85 2051 1187 2133; baseline -0.004 -15"><span class='ocrx_word' id='word_1_132' title='bbox 85 2063 163 2118; x_wconf 90' lang='lat' dir='ltr'><strong>tum</strong></span> <span class='ocrx_word' id='word_1_133' title='bbox 181 2054 316 2117; x_wconf 91' lang='lat' dir='ltr'><strong>demum</strong></span> <span class='ocrx_word' id='word_1_134' title='bbox 330 2053 445 2118; x_wconf 84' lang='lat' dir='ltr'><strong>educti</strong></span> <span class='ocrx_word' id='word_1_135' title='bbox 461 2052 562 2119; x_wconf 85' lang='lat' dir='ltr'><strong>malis</strong></span> <span class='ocrx_word' id='word_1_136' title='bbox 577 2051 721 2115; x_wconf 80' lang='lat' dir='ltr'><strong>Romani</strong></span> <span class='ocrx_word' id='word_1_137' title='bbox 737 2068 850 2133; x_wconf 91' lang='lat' dir='ltr'><strong>parem</strong></span> <span class='ocrx_word' id='word_1_138' title='bbox 867 2051 1053 2115; x_wconf 88' lang='lat' dir='ltr'><strong>Hannibali</strong></span> <span class='ocrx_word' id='word_1_139' title='bbox 1068 2051 1187 2114; x_wconf 90' lang='lat' dir='ltr'><strong>ducem</strong></span> 
     </span>
     <span class='ocr_line' id='line_1_18' title="bbox 85 2153 1188 2239; baseline -0.003 -20"><span class='ocrx_word' id='word_1_140' title='bbox 85 2156 306 2238; x_wconf 74' lang='lat' dir='ltr'><strong>quaesissent.</strong></span> <span class='ocrx_word' id='word_1_141' title='bbox 350 2154 394 2220; x_wconf 87' lang='lat' dir='ltr'><strong>Et</strong></span> <span class='ocrx_word' id='word_1_142' title='bbox 420 2154 627 2239; x_wconf 85' lang='lat' dir='ltr'><strong>pmdentiam</strong></span> <span class='ocrx_word' id='word_1_143' title='bbox 652 2153 797 2234; x_wconf 91' lang='lat' dir='ltr'><strong>quidem,</strong></span> <span class='ocrx_word' id='word_1_144' title='bbox 822 2171 887 2216; x_wconf 92' lang='lat' dir='ltr'><strong>nun</strong></span> <span class='ocrx_word' id='word_1_145' title='bbox 912 2155 990 2230; x_wconf 81' lang='lat' dir='ltr'><strong>uim,</strong></span> <span class='ocrx_word' id='word_1_146' title='bbox 1015 2153 1188 2218; x_wconf 87' lang='lat' dir='ltr'><strong>dictatoris</strong></span> 
     </span>
     <span class='ocr_line' id='line_1_19' title="bbox 86 2254 1190 2340; baseline 0.001 -21"><span class='ocrx_word' id='word_1_147' title='bbox 86 2258 268 2340; x_wconf 83' lang='lat' dir='ltr'><strong>extemplo</strong></span> <span class='ocrx_word' id='word_1_148' title='bbox 283 2256 404 2320; x_wconf 86' lang='lat' dir='ltr'><strong>timuit·</strong></span> <span class='ocrx_word' id='word_1_149' title='bbox 447 2254 680 2319; x_wconf 84' lang='lat' dir='ltr'><strong>Constantiam</strong></span> <span class='ocrx_word' id='word_1_150' title='bbox 695 2254 784 2318; x_wconf 87' lang='lat' dir='ltr'><strong>baud</strong></span> <span class='ocrx_word' id='word_1_151' title='bbox 798 2263 823 2305; x_wconf 89' lang='lat'><strong>¹⁹</strong></span> <span class='ocrx_word' id='word_1_152' title='bbox 845 2255 924 2320; x_wconf 91' lang='lat' dir='ltr'><strong>dum</strong></span> <span class='ocrx_word' id='word_1_153' title='bbox 935 2262 1107 2338; x_wconf 66' lang='lat' dir='ltr'><strong>expertus</strong></span> <span class='ocrx_word' id='word_1_154' title='bbox 1123 2255 1190 2338; x_wconf 82' lang='lat' dir='ltr'><strong>agi·</strong></span> 
     </span>
     <span class='ocr_line' id='line_1_20' title="bbox 87 2356 1189 2440; baseline -0.001 -18"><span class='ocrx_word' id='word_1_155' title='bbox 87 2367 164 2422; x_wconf 82' lang='lat' dir='ltr'><strong>tare</strong></span> <span class='ocrx_word' id='word_1_156' title='bbox 184 2379 225 2423; x_wconf 88' lang='lat' dir='ltr'><strong>ae</strong></span> <span class='ocrx_word' id='word_1_157' title='bbox 242 2363 366 2422; x_wconf 84' lang='lat' dir='ltr'><strong>tentare</strong></span> <span class='ocrx_word' id='word_1_158' title='bbox 388 2357 534 2420; x_wconf 87' lang='lat' dir='ltr'><strong>animum</strong></span> <span class='ocrx_word' id='word_1_159' title='bbox 555 2356 721 2420; x_wconf 87' lang='lat' dir='ltr'><strong>movendo</strong></span> <span class='ocrx_word' id='word_1_160' title='bbox 740 2359 857 2422; x_wconf 90' lang='lat' dir='ltr'><strong>crebro</strong></span> <span class='ocrx_word' id='word_1_161' title='bbox 881 2367 1004 2434; x_wconf 87' lang='lat' dir='ltr'><strong>eastra,</strong></span> <span class='ocrx_word' id='word_1_162' title='bbox 1024 2358 1189 2440; x_wconf 91' lang='lat' dir='ltr'><strong>populan-</strong></span> 
     </span>
     <span class='ocr_line' id='line_1_21' title="bbox 88 2458 1188 2543; baseline 0.001 -21"><span class='ocrx_word' id='word_1_163' title='bbox 88 2460 206 2543; x_wconf 83' lang='lat' dir='ltr'><strong>doque</strong></span> <span class='ocrx_word' id='word_1_164' title='bbox 233 2462 267 2522; x_wconf 88' lang='lat' dir='ltr'><strong>in</strong></span> <span class='ocrx_word' id='word_1_165' title='bbox 291 2459 398 2522; x_wconf 88' lang='lat' dir='ltr'><strong>oeulis</strong></span> <span class='ocrx_word' id='word_1_166' title='bbox 424 2458 499 2542; x_wconf 89' lang='lat' dir='ltr'><strong>ejus</strong></span> <span class='ocrx_word' id='word_1_167' title='bbox 525 2476 625 2539; x_wconf 81' lang='lat' dir='ltr'><strong>agros</strong></span> <span class='ocrx_word' id='word_1_168' title='bbox 652 2459 830 2536; x_wconf 87' lang='lat' dir='ltr'><strong>soeiomm,</strong></span> <span class='ocrx_word' id='word_1_169' title='bbox 858 2460 972 2543; x_wconf 88' lang='lat' dir='ltr'><strong>coepit.</strong></span> <span class='ocrx_word' id='word_1_170' title='bbox 1018 2458 1061 2522; x_wconf 86' lang='lat' dir='ltr'><strong>Et</strong></span> <span class='ocrx_word' id='word_1_171' title='bbox 1086 2460 1188 2524; x_wconf 89' lang='lat' dir='ltr'><strong>modo</strong></span> 
     </span>
     <span class='ocr_line' id='line_1_22' title="bbox 86 2559 1189 2644; baseline -0.005 -15"><span class='ocrx_word' id='word_1_172' title='bbox 86 2568 195 2630; x_wconf 85' lang='lat' dir='ltr'><strong>citato</strong></span> <span class='ocrx_word' id='word_1_173' title='bbox 211 2565 341 2644; x_wconf 80' lang='lat' dir='ltr'><strong>agmine</strong></span> <span class='ocrx_word' id='word_1_174' title='bbox 352 2568 381 2599; x_wconf 85' lang='lat'><strong>²⁰</strong></span> <span class='ocrx_word' id='word_1_175' title='bbox 395 2568 609 2643; x_wconf 86' lang='lat' dir='ltr'><strong>eeouspeetu</strong></span> <span class='ocrx_word' id='word_1_176' title='bbox 622 2559 749 2637; x_wconf 89' lang='lat' dir='ltr'><strong>abibat,</strong></span> <span class='ocrx_word' id='word_1_177' title='bbox 764 2560 865 2624; x_wconf 90' lang='lat' dir='ltr'><strong>modo</strong></span> <span class='ocrx_word' id='word_1_178' title='bbox 879 2568 1016 2644; x_wconf 89' lang='lat' dir='ltr'><strong>repente</strong></span> <span class='ocrx_word' id='word_1_179' title='bbox 1028 2563 1061 2624; x_wconf 91' lang='lat' dir='ltr'><strong>in</strong></span> <span class='ocrx_word' id='word_1_180' title='bbox 1073 2561 1189 2644; x_wconf 90' lang='lat' dir='ltr'><strong>aliquo</strong></span> 
     </span>
     <span class='ocr_line' id='line_1_23' title="bbox 87 2662 1187 2749; baseline -0.005 -20"><span class='ocrx_word' id='word_1_181' title='bbox 87 2667 180 2730; x_wconf 87' lang='lat' dir='ltr'><strong>flexu</strong></span> <span class='ocrx_word' id='word_1_182' title='bbox 197 2667 275 2743; x_wconf 82' lang='lat' dir='ltr'><strong>viae,</strong></span> <span class='ocrx_word' id='word_1_183' title='bbox 290 2666 320 2728; x_wconf 86' lang='lat' dir='ltr'><strong>si</strong></span> <span class='ocrx_word' id='word_1_184' title='bbox 335 2666 488 2749; x_wconf 80' lang='lat' dir='ltr'><strong>excipere</strong></span> <span class='ocrx_word' id='word_1_185' title='bbox 499 2662 689 2744; x_wconf 78' lang='lat' dir='ltr'><strong>degressum</strong></span> <span class='ocrx_word' id='word_1_186' title='bbox 703 2662 737 2725; x_wconf 89' lang='lat' dir='ltr'><strong>in</strong></span> <span class='ocrx_word' id='word_1_187' title='bbox 748 2681 881 2745; x_wconf 75' lang='lat' dir='ltr'><strong>aequum</strong></span> <span class='ocrx_word' id='word_1_188' title='bbox 895 2667 1020 2744; x_wconf 85' lang='lat' dir='ltr'><strong>posset,</strong></span> <span class='ocrx_word' id='word_1_189' title='bbox 1034 2663 1187 2725; x_wconf 90' lang='lat' dir='ltr'><strong>occultus</strong></span> 
     </span>
     <span class='ocr_line' id='line_1_24' title="bbox 85 2761 1187 2847; baseline -0.004 -19"><span class='ocrx_word' id='word_1_190' title='bbox 85 2766 307 2830; x_wconf 85' lang='lat' dir='ltr'><strong>subsistebat.</strong></span> <span class='ocrx_word' id='word_1_191' title='bbox 353 2764 482 2830; x_wconf 88' lang='lat' dir='ltr'><strong>Fabius</strong></span> <span class='ocrx_word' id='word_1_192' title='bbox 497 2783 558 2847; x_wconf 86' lang='lat' dir='ltr'><strong>per</strong></span> <span class='ocrx_word' id='word_1_193' title='bbox 571 2763 651 2827; x_wconf 82' lang='lat' dir='ltr'><strong>luca</strong></span> <span class='ocrx_word' id='word_1_194' title='bbox 667 2763 735 2826; x_wconf 86' lang='lat' dir='ltr'><strong>alta</strong></span> <span class='ocrx_word' id='word_1_195' title='bbox 747 2782 866 2844; x_wconf 85' lang='lat' dir='ltr'><strong>agmen</strong></span> <span class='ocrx_word' id='word_1_196' title='bbox 882 2762 1038 2839; x_wconf 85' lang='lat' dir='ltr'><strong>ducebat,</strong></span> <span class='ocrx_word' id='word_1_197' title='bbox 1055 2761 1187 2825; x_wconf 88' lang='lat' dir='ltr'><strong>modico</strong></span> 
     </span>
    </p>
   </div>
   <div class='ocr_carea' id='block_1_3' title="bbox 118 2931 344 2981">
    <p class='ocr_par' dir='ltr' id='par_1_3' title="bbox 118 2931 344 2981">
     <span class='ocr_line' id='line_1_25' title="bbox 118 2931 344 2981; baseline -0.004 0"><span class='ocrx_word' id='word_1_198' title='bbox 118 2941 134 2964; x_wconf 86' lang='lat'>¹</span> <span class='ocrx_word' id='word_1_199' title='bbox 152 2931 286 2981; x_wconf 78' lang='lat' dir='ltr'><strong>Nurrrrtu</strong></span> <span class='ocrx_word' id='word_1_200' title='bbox 295 2931 344 2980; x_wconf 80' lang='lat' dir='ltr'><strong>viu.</strong></span> 
     </span>
    </p>
   </div>
   <div class='ocr_carea' id='block_1_4' title="bbox 86 3151 1189 3930">
    <p class='ocr_par' dir='ltr' id='par_1_4' title="bbox 86 3151 1189 3930">
     <span class='ocr_line' id='line_1_26' title="bbox 121 3151 1187 3218; baseline -0.005 -8"><span class='ocrx_word' id='word_1_201' title='bbox 121 3165 154 3210; x_wconf 81' lang='lat'><strong>12</strong></span> <span class='ocrx_word' id='word_1_202' title='bbox 171 3159 263 3208; x_wconf 79' lang='lat' dir='ltr'><strong>‘Diem</strong></span> <span class='ocrx_word' id='word_1_203' title='bbox 281 3173 314 3206; x_wconf 83' lang='lat' dir='ltr'><strong>ex</strong></span> <span class='ocrx_word' id='word_1_204' title='bbox 332 3155 398 3207; x_wconf 81' lang='lat' dir='ltr'><strong>Edd.</strong></span> <span class='ocrx_word' id='word_1_205' title='bbox 417 3161 483 3205; x_wconf 84' lang='lat' dir='ltr'><strong>autt.</strong></span> <span class='ocrx_word' id='word_1_206' title='bbox 499 3161 528 3205; x_wconf 84' lang='lat' dir='ltr'><strong>et</strong></span> <span class='ocrx_word' id='word_1_207' title='bbox 544 3155 597 3204; x_wconf 82' lang='lat' dir='ltr'><strong>Ma.</strong></span> <span class='ocrx_word' id='word_1_208' title='bbox 610 3155 672 3204; x_wconf 87' lang='lat' dir='ltr'><strong>Ber.</strong></span> <span class='ocrx_word' id='word_1_209' title='bbox 684 3153 820 3204; x_wconf 75' lang='lat' dir='ltr'><strong>revocari:</strong></span> <span class='ocrx_word' id='word_1_210' title='bbox 838 3151 877 3202; x_wconf 83' lang='lat' dir='ltr'><strong>die</strong></span> <span class='ocrx_word' id='word_1_211' title='bbox 889 3151 1004 3218; x_wconf 82' lang='lat' dir='ltr'><strong>plerique</strong></span> <span class='ocrx_word' id='word_1_212' title='bbox 1014 3154 1078 3204; x_wconf 82' lang='lat' dir='ltr'><strong>Mar.</strong></span> <span class='ocrx_word' id='word_1_213' title='bbox 1090 3161 1117 3204; x_wconf 86' lang='lat' dir='ltr'><strong>et</strong></span> <span class='ocrx_word' id='word_1_214' title='bbox 1128 3155 1187 3206; x_wconf 87' lang='lat' dir='ltr'><strong>edd.</strong></span> 
     </span>
     <span class='ocr_line' id='line_1_27' title="bbox 87 3217 1187 3284; baseline -0.006 -7"><span class='ocrx_word' id='word_1_215' title='bbox 87 3228 171 3277; x_wconf 80' lang='lat' dir='ltr'><strong>Grou.</strong></span> <span class='ocrx_word' id='word_1_216' title='bbox 184 3235 212 3273; x_wconf 81' lang='lat' dir='ltr'><strong>et</strong></span> <span class='ocrx_word' id='word_1_217' title='bbox 226 3221 317 3272; x_wconf 67' lang='lat' dir='ltr'><strong>Drak!</strong></span> <span class='ocrx_word' id='word_1_218' title='bbox 335 3222 502 3284; x_wconf 74' lang='lat' dir='ltr'><strong>Rupert--ll</strong></span> <span class='ocrx_word' id='word_1_219' title='bbox 520 3221 556 3268; x_wconf 81' lang='lat' dir='ltr'><strong>Ae</strong></span> <span class='ocrx_word' id='word_1_220' title='bbox 565 3219 639 3268; x_wconf 82' lang='lat' dir='ltr'><strong>deest</strong></span> <span class='ocrx_word' id='word_1_221' title='bbox 651 3219 676 3268; x_wconf 92' lang='lat' dir='ltr'><strong>in</strong></span> <span class='ocrx_word' id='word_1_222' title='bbox 686 3217 752 3268; x_wconf 88' lang='lat' dir='ltr'><strong>Edd.</strong></span> <span class='ocrx_word' id='word_1_223' title='bbox 765 3227 825 3266; x_wconf 85' lang='lat' dir='ltr'><strong>ante</strong></span> <span class='ocrx_word' id='word_1_224' title='bbox 838 3217 954 3266; x_wconf 82' lang='lat' dir='ltr'><strong>Crevier.</strong></span> <span class='ocrx_word' id='word_1_225' title='bbox 964 3233 1021 3266; x_wconf 85' lang='lat' dir='ltr'><strong>mox</strong></span> <span class='ocrx_word' id='word_1_226' title='bbox 1033 3219 1058 3267; x_wconf 92' lang='lat' dir='ltr'><strong>in</strong></span> <span class='ocrx_word' id='word_1_227' title='bbox 1070 3221 1187 3270; x_wconf 78' lang='lat' dir='ltr'><strong>omuibus</strong></span> 
     </span>
     <span class='ocr_line' id='line_1_28' title="bbox 88 3282 1188 3347; baseline -0.005 -8"><span class='ocrx_word' id='word_1_228' title='bbox 88 3301 149 3340; x_wconf 84' lang='lat' dir='ltr'><strong>ante</strong></span> <span class='ocrx_word' id='word_1_229' title='bbox 159 3289 278 3338; x_wconf 77' lang='lat' dir='ltr'><strong>Gronov.</strong></span> <span class='ocrx_word' id='word_1_230' title='bbox 287 3301 319 3335; x_wconf 81' lang='lat' dir='ltr'><strong>ex</strong></span> <span class='ocrx_word' id='word_1_231' title='bbox 330 3288 479 3346; x_wconf 74' lang='lat' dir='ltr'><strong>coniectura</strong></span> <span class='ocrx_word' id='word_1_232' title='bbox 487 3283 570 3332; x_wconf 69' lang='lat' dir='ltr'><strong>Valle</strong></span> <span class='ocrx_word' id='word_1_233' title='bbox 582 3283 678 3347; x_wconf 74' lang='lat' dir='ltr'><strong>legitur</strong></span> <span class='ocrx_word' id='word_1_234' title='bbox 687 3282 829 3332; x_wconf 74' lang='lat' dir='ltr'><strong>transuersis</strong></span> <span class='ocrx_word' id='word_1_235' title='bbox 839 3283 992 3339; x_wconf 66' lang='lat' dir='ltr'><strong>tremitibw</strong></span> <span class='ocrx_word' id='word_1_236' title='bbox 1009 3282 1034 3330; x_wconf 89' lang='lat' dir='ltr'><strong>iu</strong></span> <span class='ocrx_word' id='word_1_237' title='bbox 1046 3283 1112 3331; x_wconf 85' lang='lat' dir='ltr'><strong>Msr.</strong></span> <span class='ocrx_word' id='word_1_238' title='bbox 1124 3287 1188 3334; x_wconf 88' lang='lat' dir='ltr'><strong>mul·</strong></span> 
     </span>
     <span class='ocr_line' id='line_1_29' title="bbox 87 3347 1188 3410; baseline -0.005 -6"><span class='ocrx_word' id='word_1_239' title='bbox 87 3357 120 3404; x_wconf 78' lang='lat' dir='ltr'><strong>ris</strong></span> <span class='ocrx_word' id='word_1_240' title='bbox 132 3361 176 3403; x_wconf 79' lang='lat' dir='ltr'><strong>ert</strong></span> <span class='ocrx_word' id='word_1_241' title='bbox 187 3353 293 3401; x_wconf 62' lang='lat' dir='ltr'><strong>maenia</strong></span> <span class='ocrx_word' id='word_1_242' title='bbox 302 3349 492 3400; x_wconf 59' lang='lat' dir='ltr'><strong>aritium—ll</strong></span> <span class='ocrx_word' id='word_1_243' title='bbox 508 3349 640 3410; x_wconf 62' lang='lat' dir='ltr'><strong>Restm</strong></span> <span class='ocrx_word' id='word_1_244' title='bbox 650 3347 716 3398; x_wconf 76' lang='lat' dir='ltr'><strong>Edd.</strong></span> <span class='ocrx_word' id='word_1_245' title='bbox 724 3359 813 3396; x_wconf 75' lang='lat' dir='ltr'><strong>omues</strong></span> <span class='ocrx_word' id='word_1_246' title='bbox 825 3353 884 3395; x_wconf 83' lang='lat' dir='ltr'><strong>aute</strong></span> <span class='ocrx_word' id='word_1_247' title='bbox 896 3347 1040 3396; x_wconf 65' lang='lat' dir='ltr'><strong>Duria-lt</strong></span> <span class='ocrx_word' id='word_1_248' title='bbox 1060 3348 1101 3396; x_wconf 88' lang='grc' dir='ltr'><strong>ΑΙ.</strong></span> <span class='ocrx_word' id='word_1_249' title='bbox 1112 3349 1188 3398; x_wconf 79' lang='lat' dir='ltr'><strong>AEeir.</strong></span> 
     </span>
     <span class='ocr_line' id='line_1_30' title="bbox 87 3410 1189 3477; baseline -0.005 -9"><span class='ocrx_word' id='word_1_250' title='bbox 87 3425 154 3469; x_wconf 79' lang='lat' dir='ltr'><strong>-lu</strong></span> <span class='ocrx_word' id='word_1_251' title='bbox 177 3417 260 3466; x_wconf 80' lang='lat' dir='ltr'><strong>Vtetur</strong></span> <span class='ocrx_word' id='word_1_252' title='bbox 272 3417 368 3465; x_wconf 72' lang='lat' dir='ltr'><strong>taudem</strong></span> <span class='ocrx_word' id='word_1_253' title='bbox 383 3413 488 3462; x_wconf 71' lang='lat' dir='ltr'><strong>Martia</strong></span> <span class='ocrx_word' id='word_1_254' title='bbox 502 3415 594 3462; x_wconf 65' lang='grc' dir='ltr'><strong>αιίοι</strong></span> <span class='ocrx_word' id='word_1_255' title='bbox 610 3414 771 3462; x_wconf 59' lang='lat' dir='ltr'><strong>&amp;mem</strong></span> <span class='ocrx_word' id='word_1_256' title='bbox 788 3410 857 3462; x_wconf 83' lang='lat' dir='ltr'><strong>Edd.</strong></span> <span class='ocrx_word' id='word_1_257' title='bbox 868 3425 958 3460; x_wconf 84' lang='lat' dir='ltr'><strong>omnes</strong></span> <span class='ocrx_word' id='word_1_258' title='bbox 974 3421 1036 3460; x_wconf 84' lang='lat' dir='ltr'><strong>ante</strong></span> <span class='ocrx_word' id='word_1_259' title='bbox 1053 3412 1132 3462; x_wconf 74' lang='lat' dir='ltr'><strong>lirul.</strong></span> <span class='ocrx_word' id='word_1_260' title='bbox 1144 3414 1189 3477; x_wconf 88' lang='lat' dir='ltr'><strong>qni</strong></span> 
     </span>
     <span class='ocr_line' id='line_1_31' title="bbox 86 3475 1188 3547; baseline -0.004 -15"><span class='ocrx_word' id='word_1_261' title='bbox 86 3499 180 3547; x_wconf 74' lang='lat' dir='ltr'><strong>quaque</strong></span> <span class='ocrx_word' id='word_1_262' title='bbox 196 3497 230 3529; x_wconf 84' lang='lat' dir='ltr'><strong>ex</strong></span> <span class='ocrx_word' id='word_1_263' title='bbox 246 3481 398 3542; x_wconf 73' lang='lat' dir='ltr'><strong>conjectura</strong></span> <span class='ocrx_word' id='word_1_264' title='bbox 416 3478 542 3528; x_wconf 82' lang='lat' dir='ltr'><strong>Grouorii</strong></span> <span class='ocrx_word' id='word_1_265' title='bbox 558 3479 669 3540; x_wconf 82' lang='lat' dir='ltr'><strong>recepit.</strong></span> <span class='ocrx_word' id='word_1_266' title='bbox 703 3476 735 3525; x_wconf 89' lang='lat' dir='ltr'><strong>ln</strong></span> <span class='ocrx_word' id='word_1_267' title='bbox 750 3478 813 3526; x_wconf 79' lang='lat' dir='ltr'><strong>Mur.</strong></span> <span class='ocrx_word' id='word_1_268' title='bbox 826 3475 942 3525; x_wconf 77' lang='lat' dir='ltr'><strong>omnibus</strong></span> <span class='ocrx_word' id='word_1_269' title='bbox 955 3485 996 3526; x_wconf 84' lang='lat' dir='ltr'><strong>ert</strong></span> <span class='ocrx_word' id='word_1_270' title='bbox 1007 3477 1082 3528; x_wconf 77' lang='lat' dir='ltr'><strong>vietor</strong></span> <span class='ocrx_word' id='word_1_271' title='bbox 1095 3480 1188 3528; x_wconf 73' lang='lat' dir='ltr'><strong>tantm</strong></span> 
     </span>
     <span class='ocr_line' id='line_1_32' title="bbox 87 3542 1188 3611; baseline -0.005 -13"><span class='ocrx_word' id='word_1_272' title='bbox 87 3565 146 3611; x_wconf 81' lang='lat' dir='ltr'><strong>qaue</strong></span> <span class='ocrx_word' id='word_1_273' title='bbox 163 3545 277 3600; x_wconf 69' lang='lat' dir='ltr'><strong>etenim.</strong></span> <span class='ocrx_word' id='word_1_274' title='bbox 288 3547 396 3608; x_wconf 66' lang='lat' dir='ltr'><strong>lfa-lt</strong></span> <span class='ocrx_word' id='word_1_275' title='bbox 412 3544 420 3570; x_wconf 90' lang='lat'>‘</span> <span class='ocrx_word' id='word_1_276' title='bbox 433 3543 498 3592; x_wconf 84' lang='lat' dir='ltr'><strong>Port</strong></span> <span class='ocrx_word' id='word_1_277' title='bbox 507 3557 638 3592; x_wconf 71' lang='lat' dir='ltr'><strong>euntem</strong></span> <span class='ocrx_word' id='word_1_278' title='bbox 650 3557 738 3591; x_wconf 75' lang='lat' dir='ltr'><strong>omues</strong></span> <span class='ocrx_word' id='word_1_279' title='bbox 750 3542 814 3590; x_wconf 80' lang='lat' dir='ltr'><strong>blas.</strong></span> <span class='ocrx_word' id='word_1_280' title='bbox 827 3542 943 3590; x_wconf 78' lang='lat' dir='ltr'><strong>inserunt</strong></span> <span class='ocrx_word' id='word_1_281' title='bbox 954 3557 1021 3606; x_wconf 78' lang='lat' dir='ltr'><strong>quur,</strong></span> <span class='ocrx_word' id='word_1_282' title='bbox 1033 3543 1074 3591; x_wconf 85' lang='lat' dir='ltr'><strong>rel</strong></span> <span class='ocrx_word' id='word_1_283' title='bbox 1085 3543 1134 3606; x_wconf 86' lang='lat' dir='ltr'><strong>qui,</strong></span> <span class='ocrx_word' id='word_1_284' title='bbox 1148 3544 1188 3594; x_wconf 81' lang='lat' dir='ltr'><strong>vel</strong></span> 
     </span>
     <span class='ocr_line' id='line_1_33' title="bbox 88 3605 1187 3675; baseline -0.002 -17"><span class='ocrx_word' id='word_1_285' title='bbox 88 3628 151 3675; x_wconf 73' lang='lat' dir='ltr'><strong>qua,</strong></span> <span class='ocrx_word' id='word_1_286' title='bbox 169 3611 208 3658; x_wconf 85' lang='lat' dir='ltr'><strong>vel</strong></span> <span class='ocrx_word' id='word_1_287' title='bbox 224 3611 300 3672; x_wconf 82' lang='lat' dir='ltr'><strong>qaod:</strong></span> <span class='ocrx_word' id='word_1_288' title='bbox 317 3616 345 3657; x_wconf 83' lang='lat' dir='ltr'><strong>at</strong></span> <span class='ocrx_word' id='word_1_289' title='bbox 362 3607 427 3656; x_wconf 88' lang='lat' dir='ltr'><strong>Edd.</strong></span> <span class='ocrx_word' id='word_1_290' title='bbox 439 3616 499 3656; x_wconf 86' lang='lat' dir='ltr'><strong>ante</strong></span> <span class='ocrx_word' id='word_1_291' title='bbox 511 3605 627 3656; x_wconf 83' lang='lat' dir='ltr'><strong>Crevier.</strong></span> <span class='ocrx_word' id='word_1_292' title='bbox 638 3609 683 3668; x_wconf 81' lang='lat' dir='ltr'><strong>eir,</strong></span> <span class='ocrx_word' id='word_1_293' title='bbox 694 3605 761 3670; x_wconf 89' lang='lat' dir='ltr'><strong>quud</strong></span> <span class='ocrx_word' id='word_1_294' title='bbox 776 3607 815 3654; x_wconf 81' lang='lat' dir='ltr'><strong>vel</strong></span> <span class='ocrx_word' id='word_1_295' title='bbox 829 3621 875 3669; x_wconf 91' lang='lat' dir='ltr'><strong>pru</strong></span> <span class='ocrx_word' id='word_1_296' title='bbox 885 3605 941 3666; x_wconf 80' lang='lat' dir='ltr'><strong>ribi,</strong></span> <span class='ocrx_word' id='word_1_297' title='bbox 952 3607 974 3655; x_wconf 82' lang='lat' dir='ltr'><strong>si</strong></span> <span class='ocrx_word' id='word_1_298' title='bbox 986 3607 1017 3654; x_wconf 87' lang='lat' dir='ltr'><strong>ad</strong></span> <span class='ocrx_word' id='word_1_299' title='bbox 1031 3607 1134 3662; x_wconf 76' lang='lat' dir='ltr'><strong>Pteros,</strong></span> <span class='ocrx_word' id='word_1_300' title='bbox 1147 3608 1187 3656; x_wconf 84' lang='lat' dir='ltr'><strong>rel</strong></span> 
     </span>
     <span class='ocr_line' id='line_1_34' title="bbox 89 3668 1187 3740; baseline -0.005 -16"><span class='ocrx_word' id='word_1_301' title='bbox 89 3691 137 3740; x_wconf 90' lang='lat' dir='ltr'><strong>pru</strong></span> <span class='ocrx_word' id='word_1_302' title='bbox 155 3676 186 3723; x_wconf 82' lang='lat' dir='ltr'><strong>ab</strong></span> <span class='ocrx_word' id='word_1_303' title='bbox 203 3675 245 3733; x_wconf 81' lang='lat' dir='ltr'><strong>iia,</strong></span> <span class='ocrx_word' id='word_1_304' title='bbox 258 3676 278 3721; x_wconf 84' lang='lat' dir='ltr'><strong>si</strong></span> <span class='ocrx_word' id='word_1_305' title='bbox 296 3673 328 3720; x_wconf 87' lang='lat' dir='ltr'><strong>ad</strong></span> <span class='ocrx_word' id='word_1_306' title='bbox 346 3673 474 3721; x_wconf 82' lang='lat' dir='ltr'><strong>Romanor</strong></span> <span class='ocrx_word' id='word_1_307' title='bbox 492 3668 628 3731; x_wconf 70' lang='lat' dir='ltr'><strong>referatur,</strong></span> <span class='ocrx_word' id='word_1_308' title='bbox 640 3673 751 3734; x_wconf 85' lang='lat' dir='ltr'><strong>positum</strong></span> <span class='ocrx_word' id='word_1_309' title='bbox 764 3679 851 3720; x_wconf 86' lang='lat' dir='ltr'><strong>mouet</strong></span> <span class='ocrx_word' id='word_1_310' title='bbox 863 3671 958 3719; x_wconf 85' lang='lat' dir='ltr'><strong>Bauer.</strong></span> <span class='ocrx_word' id='word_1_311' title='bbox 993 3671 1076 3720; x_wconf 71' lang='lat' dir='ltr'><strong>illlam</strong></span> <span class='ocrx_word' id='word_1_312' title='bbox 1089 3685 1187 3725; x_wconf 86' lang='lat' dir='ltr'><strong>vocem,</strong></span> 
     </span>
     <span class='ocr_line' id='line_1_35' title="bbox 89 3733 1186 3803; baseline -0.005 -14"><span class='ocrx_word' id='word_1_313' title='bbox 89 3740 179 3789; x_wconf 83' lang='lat' dir='ltr'><strong>nescio</strong></span> <span class='ocrx_word' id='word_1_314' title='bbox 190 3753 277 3803; x_wconf 84' lang='lat' dir='ltr'><strong>quani,</strong></span> <span class='ocrx_word' id='word_1_315' title='bbox 289 3737 364 3786; x_wconf 77' lang='lat' dir='ltr'><strong>bivio</strong></span> <span class='ocrx_word' id='word_1_316' title='bbox 374 3735 531 3784; x_wconf 84' lang='lat' dir='ltr'><strong>reddendum</strong></span> <span class='ocrx_word' id='word_1_317' title='bbox 540 3750 649 3799; x_wconf 80' lang='lat' dir='ltr'><strong>eeae,e1</strong></span> <span class='ocrx_word' id='word_1_318' title='bbox 657 3737 722 3785; x_wconf 83' lang='lat' dir='ltr'><strong>Mra.</strong></span> <span class='ocrx_word' id='word_1_319' title='bbox 732 3733 921 3799; x_wconf 69' lang='lat' dir='ltr'><strong>probabilem!</strong></span> <span class='ocrx_word' id='word_1_320' title='bbox 940 3736 1106 3798; x_wconf 57' lang='lat' dir='ltr'><strong>Rupere-18</strong></span> <span class='ocrx_word' id='word_1_321' title='bbox 1124 3743 1130 3762; x_wconf 80' lang='lat'>¹</span> <span class='ocrx_word' id='word_1_322' title='bbox 1141 3736 1186 3783; x_wconf 80' lang='lat' dir='ltr'><strong>Ta-</strong></span> 
     </span>
     <span class='ocr_line' id='line_1_36' title="bbox 86 3798 1188 3866; baseline -0.008 -12"><span class='ocrx_word' id='word_1_323' title='bbox 86 3805 138 3853; x_wconf 75' lang='lat' dir='ltr'><strong>cite</strong></span> <span class='ocrx_word' id='word_1_324' title='bbox 148 3817 207 3853; x_wconf 73' lang='lat' dir='ltr'><strong>eure</strong></span> <span class='ocrx_word' id='word_1_325' title='bbox 218 3804 302 3866; x_wconf 78' lang='lat' dir='ltr'><strong>quoad</strong></span> <span class='ocrx_word' id='word_1_326' title='bbox 311 3802 415 3850; x_wconf 64' lang='lat' dir='ltr'><strong>nturi</strong></span> <span class='ocrx_word' id='word_1_327' title='bbox 424 3801 540 3859; x_wconf 67' lang='lat' dir='ltr'><strong>mmm,</strong></span> <span class='ocrx_word' id='word_1_328' title='bbox 550 3799 651 3863; x_wconf 78' lang='lat' dir='ltr'><strong>lortius,</strong></span> <span class='ocrx_word' id='word_1_329' title='bbox 661 3815 735 3864; x_wconf 80' lang='lat' dir='ltr'><strong>quarn</strong></span> <span class='ocrx_word' id='word_1_330' title='bbox 744 3800 848 3860; x_wconf 67' lang='lat' dir='ltr'><strong>iueadt,</strong></span> <span class='ocrx_word' id='word_1_331' title='bbox 858 3798 926 3861; x_wconf 87' lang='lat' dir='ltr'><strong>quod</strong></span> <span class='ocrx_word' id='word_1_332' title='bbox 939 3798 1067 3847; x_wconf 82' lang='lat' dir='ltr'><strong>malebant</strong></span> <span class='ocrx_word' id='word_1_333' title='bbox 1078 3800 1147 3847; x_wconf 86' lang='lat' dir='ltr'><strong>Mur.</strong></span> <span class='ocrx_word' id='word_1_334' title='bbox 1159 3805 1188 3846; x_wconf 87' lang='lat' dir='ltr'><strong>et</strong></span> 
     </span>
     <span class='ocr_line' id='line_1_37' title="bbox 89 3862 1187 3930; baseline -0.008 -12"><span class='ocrx_word' id='word_1_335' title='bbox 89 3872 188 3918; x_wconf 77' lang='lat' dir='ltr'><strong>Gran..</strong></span> <span class='ocrx_word' id='word_1_336' title='bbox 210 3866 250 3918; x_wconf 72' lang='lat' dir='ltr'><strong>ct*-</strong></span> <span class='ocrx_word' id='word_1_337' title='bbox 260 3867 295 3916; x_wconf 79' lang='lat' dir='ltr'><strong>ad</strong></span> <span class='ocrx_word' id='word_1_338' title='bbox 308 3868 365 3916; x_wconf 66' lang='lat' dir='ltr'><strong>bne</strong></span> <span class='ocrx_word' id='word_1_339' title='bbox 381 3875 410 3916; x_wconf 83' lang='lat' dir='ltr'><strong>et</strong></span> <span class='ocrx_word' id='word_1_340' title='bbox 421 3879 496 3930; x_wconf 78' lang='lat' dir='ltr'><strong>seqq.</strong></span> <span class='ocrx_word' id='word_1_341' title='bbox 509 3865 603 3928; x_wconf 81' lang='lat' dir='ltr'><strong>Polyb.</strong></span> <span class='ocrx_word' id='word_1_342' title='bbox 614 3877 658 3914; x_wconf 86' lang='grc' dir='ltr'><strong>ιιι.</strong></span> <span class='ocrx_word' id='word_1_343' title='bbox 670 3869 711 3914; x_wconf 80' lang='grc'><strong>89.</strong></span> <span class='ocrx_word' id='word_1_344' title='bbox 720 3864 769 3914; x_wconf 66' lang='grc'><strong>903</strong></span> <span class='ocrx_word' id='word_1_345' title='bbox 788 3865 955 3926; x_wconf 68' lang='lat' dir='ltr'><strong>nepem—ia</strong></span> <span class='ocrx_word' id='word_1_346' title='bbox 971 3862 1040 3911; x_wconf 91' lang='lat' dir='ltr'><strong>Olim</strong></span> <span class='ocrx_word' id='word_1_347' title='bbox 1053 3863 1187 3925; x_wconf 75' lang='lat' dir='ltr'><strong>legebatur</strong></span> 
     </span>
    </p>
   </div>
   <div class='ocr_carea' id='block_1_5' title="bbox 585 4010 697 4061">
    <p class='ocr_par' dir='ltr' id='par_1_5' title="bbox 585 4010 697 4061">
     <span class='ocr_line' id='line_1_38' title="bbox 585 4010 697 4061; baseline 0.009 -1"><span class='ocrx_word' id='word_1_348' title='bbox 585 4010 697 4061; x_wconf 78' lang='lat' dir='ltr'>NOTAE</span> 
     </span>
    </p>
   </div>
   <div class='ocr_carea' id='block_1_6' title="bbox 90 4141 1187 4288">
    <p class='ocr_par' dir='ltr' id='par_1_6' title="bbox 90 4141 1187 4288">
     <span class='ocr_line' id='line_1_39' title="bbox 121 4141 1187 4213; baseline -0.008 -10"><span class='ocrx_word' id='word_1_349' title='bbox 121 4154 324 4203; x_wconf 68' lang='lat' dir='ltr'><strong>‘mercem</strong></span> <span class='ocrx_word' id='word_1_350' title='bbox 339 4147 398 4213; x_wconf 81' lang='lat' dir='ltr'><strong>[eis]</strong></span> <span class='ocrx_word' id='word_1_351' title='bbox 423 4145 473 4196; x_wconf 81' lang='lat' dir='ltr'><strong>Vel</strong></span> <span class='ocrx_word' id='word_1_352' title='bbox 493 4161 540 4209; x_wconf 89' lang='lat' dir='ltr'><strong>per</strong></span> <span class='ocrx_word' id='word_1_353' title='bbox 561 4160 619 4209; x_wconf 88' lang='lat' dir='ltr'><strong>pru·</strong></span> <span class='ocrx_word' id='word_1_354' title='bbox 661 4141 930 4207; x_wconf 66' lang='lat' dir='ltr'><strong>Carthaginiensibuu</strong></span> <span class='ocrx_word' id='word_1_355' title='bbox 948 4141 987 4192; x_wconf 84' lang='lat' dir='ltr'><strong>rel</strong></span> <span class='ocrx_word' id='word_1_356' title='bbox 1000 4155 1056 4191; x_wconf 86' lang='lat' dir='ltr'><strong>cum</strong></span> <span class='ocrx_word' id='word_1_357' title='bbox 1075 4143 1187 4194; x_wconf 87' lang='lat' dir='ltr'><strong>meliori·</strong></span> 
     </span>
     <span class='ocr_line' id='line_1_40' title="bbox 90 4217 1088 4288; baseline -0.012 -6"><span class='ocrx_word' id='word_1_358' title='bbox 90 4243 184 4283; x_wconf 83' lang='lat' dir='ltr'><strong>eumen</strong></span> <span class='ocrx_word' id='word_1_359' title='bbox 202 4228 239 4279; x_wconf 74' lang='lat' dir='ltr'><strong>etr</strong></span> <span class='ocrx_word' id='word_1_360' title='bbox 258 4221 453 4288; x_wconf 64' lang='lat' dir='ltr'><strong>intelligendum</strong></span> <span class='ocrx_word' id='word_1_361' title='bbox 465 4221 621 4273; x_wconf 84' lang='lat' dir='ltr'><strong>l’oeniarire</strong></span> <span class='ocrx_word' id='word_1_362' title='bbox 660 4224 707 4276; x_wconf 82' lang='lat' dir='ltr'><strong>bur</strong></span> <span class='ocrx_word' id='word_1_363' title='bbox 720 4221 851 4274; x_wconf 74' lang='lat' dir='ltr'><strong>codicibur</strong></span> <span class='ocrx_word' id='word_1_364' title='bbox 864 4220 999 4272; x_wconf 86' lang='lat' dir='ltr'><strong>delendum</strong></span> <span class='ocrx_word' id='word_1_365' title='bbox 1009 4217 1037 4268; x_wconf 70' lang='grc' dir='ltr'><strong>τὸ</strong></span> <span class='ocrx_word' id='word_1_366' title='bbox 1046 4219 1088 4270; x_wconf 83' lang='lat' dir='ltr'><strong>eir.</strong></span> 
     </span>
    </p>
   </div>
   <div class='ocr_carea' id='block_1_7' title="bbox 0 0 1474 4767">
    <p class='ocr_par' dir='ltr' id='par_1_7' title="bbox 0 0 1474 4767">
     <span class='ocr_line' id='line_1_41' title="bbox 0 0 1474 4767; baseline 0 0"><span class='ocrx_word' id='word_1_367' title='bbox 0 0 1474 4767; x_wconf 95' lang='lat' dir='ltr'><strong> </strong></span> 
     </span>
    </p>
   </div>
  </div>
 </body>
</html>
