2917 4767
399 338 506 387 arear
531 336 648 386 xvrrr·
671 337 995 387 surrarunuruu.
1165 324 1250 391 laur

106 478 201 559 qnid
218 480 346 541 telorum
360 481 540 557 ingereretur
551 478 641 539 lecile
655 478 834 559 repellente;
856 478 1085 557 confugiendum

106 576 159 635 ad
185 578 353 647 machinae,
367 576 557 654 advecmque
570 574 685 635 balistis
696 584 727 634 et
745 574 915 655 catapultis,
928 574 1010 635 velut
1031 594 1084 635 arx

107 673 267 750 quaedum
289 673 416 742 munita,
439 670 620 750 dejiciendus
639 672 731 731 hortis
753 670 816 731 fuit.
872 670 949 731 Post
971 670 1086 749 aliquot

101 769 226 846 jactus
246 771 278 827 iu
299 788 409 827 renum
429 768 550 827 emieaoa
567 768 669 845 ingena
688 786 804 836 aarum,
818 768 902 846 epiua
921 766 999 826 dorai
1019 788 1084 845 per-

106 864 235 934 fracte,
249 865 382 943 rigorem
403 865 602 943 impetumque
613 861 807 922 formidabilia
819 864 941 921 mouatri
954 862 1083 921 resolvit.

110 958 176 1019 Sic
200 980 325 1039 quoquc
344 958 500 1019 difficulter
520 958 687 1019 conlectum
707 966 768 1017 est:
792 966 876 1017 tauto
888 978 956 1018 cum
969 958 1085 1018 horrore
1097 974 1231 1025 valna.

110 1054 280 1134 lngiorem
300 1064 333 1115 et
352 1056 526 1125 cohortium,
543 1064 578 1115 ut
595 1065 650 1115 ‘ee
670 1074 841 1133 oppugnare
862 1053 1083 1132 Carthaginem,

110 1170 219 1230 qnam
240 1151 366 1210 alteram
385 1152 477 1211 talem
497 1153 622 1211 batium
639 1150 742 1210 malle’
764 1149 933 1210 faterentur.
976 1148 1085 1229 Neque

112 1245 241 1306 diutina
268 1248 310 1305 ibi
334 1248 439 1306 morari
460 1256 558 1306 caetra
579 1253 746 1325 pomemnt,
770 1246 843 1324 quin
866 1246 937 1305 tabo
962 1245 1085 1305 infectae

115 1362 237 1421 aquae,
249 1354 279 1401 et
298 1362 415 1401 omnem
434 1344 512 1402 circa
532 1345 681 1421 regionem
692 1340 795 1401 futore
803 1341 932 1419 jacentia
946 1340 1084 1420 pestifero

115 1436 262 1496 afflatam
273 1437 424 1516 fugerent:
446 1458 505 1498 non
517 1438 580 1497 eine
592 1438 698 1497 rubore
712 1435 813 1517 aliquo
826 1437 962 1496 hnmanae
981 1456 1083 1516 auper-

114 1532 196 1605 bie,
210 1552 281 1611 quae
303 1552 361 1593 uon
383 1554 448 1592 raro
468 1534 578 1593 viribus
591 1534 652 1592 auia
663 1532 737 1591 nihil
752 1542 890 1611 negatum
902 1552 965 1591 ease
978 1532 1084 1591 stolide

117 1638 232 1707 prrtat:
255 1631 508 1688 exercitumcerte
518 1628 700 1698 Romanurn,
709 1629 883 1707 imperatore
895 1628 941 1687 M.
951 1626 1082 1705 Regulo,

118 1731 205 1781 terra
225 1725 361 1802 marique
381 1724 533 1794 victorem,
552 1744 627 1783 uuue
639 1724 742 1801 angnia
754 1732 784 1781 et
798 1725 883 1783 rivus
897 1723 1039 1791 exercuit,
1053 1732 1084 1781 et

118 1818 302 1877 interiectae
326 1820 491 1879 mmmorit
547 1818 651 1885 Quare
677 1838 732 1878 nec
756 1818 861 1898 puduit
884 1816 1083 1897 proconsulem

120 1914 215 1991 lrujua
234 1916 328 1973 etiam
347 1914 439 1973 hostia
457 1914 553 1994 spolia
565 1914 696 1975 Romam
709 1916 835 1983 mittere,
849 1914 1018 1991 timorisque
1038 1916 1083 1973 eni

121 2009 363 2086 magnitudinem
387 2018 419 2068 et
439 2009 569 2069 victorin
592 2009 731 2088 gaudium
756 2008 875 2089 publico
896 2018 1084 2067 monumento

120 2103 233 2163 fateri:
254 2105 368 2163 corium
385 2104 462 2163 enim
479 2105 588 2165 bellum
601 2105 767 2164 detractum
781 2105 810 2163 in
823 2105 924 2163 urbem
937 2102 1083 2163 devehen-
1097 2116 1181 2166 zonar.

122 2199 199 2258 dum
221 2200 357 2258 curarit:
380 2200 460 2277 quod
480 2208 599 2259 centum
618 2201 723 2278 viginti
746 2199 836 2280 pedes
856 2200 976 2276 longum
996 2199 1084 2258 fuisse

122 2292 247 2364 dicitur,
268 2303 301 2353 et
322 2296 352 2353 in
372 2295 483 2375 templo
503 2294 633 2374 quodam
654 2314 823 2375 suspensum
845 2294 885 2354 ad
905 2293 1083 2354 Numantini
1096 2311 1198 2363 Plinius.

124 2410 222 2469 neque
234 2390 308 2449 belli
321 2398 455 2470 tempora
466 2389 628 2449 durarime.

170 2492 222 2546 1⁷.
245 2484 340 2544 Motis
356 2504 376 2543 a
389 2484 532 2563 Bagrada
544 2485 658 2555 caenia,
671 2504 771 2545 veram
784 2486 884 2545 urbem
898 2483 983 2543 Adiu
996 2502 1081 2543 exer·
1094 2497 1181 2563 Polyb.

127 2582 223 2639 citum
244 2578 333 2639 duxit
343 2576 470 2650 consul,⁸
481 2580 576 2639 obiter
587 2582 764 2660 expugnatis
776 2582 955 2658 vastatisque
969 2579 1084 2659 oppidio

127 2685 160 2734 et
180 2672 316 2734 castellis
335 2694 404 2753 quta
421 2677 451 2732 in
470 2675 573 2733 itinere
593 2682 788 2737 occurrerant.
831 2673 885 2733 Ad
899 2673 983 2733 Adin
1004 2694 1083 2744 vero,

127 2788 220 2848 quarn
240 2788 350 2849 capere
369 2770 491 2845 majoris
505 2778 571 2828 erat
582 2788 692 2850 operte,
704 2770 800 2829 vineis
813 2769 1011 2847 machinisque
1031 2769 1084 2827 ad-

128 2866 325 2943 hibitirjuata
336 2865 471 2923 inatiurta
482 2872 527 2923 eet
536 2864 661 2923 obsidio.
703 2863 758 2923 Ad
770 2882 859 2943 quam
873 2861 1084 2942 prohibendam

128 2959 219 3019 Poeni
241 2958 335 3019 ducce
354 2978 421 3018 cum
441 2958 576 3017 celeriter
595 2958 796 3029 accurrissent,
811 2959 840 3016 iu
861 2956 937 3018 colle
956 2956 1083 3037 quodam

130 3056 234 3114 caruis
246 3052 368 3134 quidem
380 3053 529 3114 Romania
541 3054 721 3123 inminente,
735 3053 788 3113 aed
801 3052 943 3132 immedito
954 3052 1085 3132 sylvoso-

130 3168 200 3227 que,
219 3148 426 3209 comederunt.
469 3148 516 3207 Μ.
530 3146 677 3227 Regulua,
698 3149 816 3227 iugenio
837 3148 908 3207 sitne
929 3157 961 3207 et
980 3166 1083 3225 genere
1096 3150 1180 3202 zenan
1238 3166 1241 3171 ·

129 3246 284 3325 copiarum
304 3243 453 3303 hostilium
473 3243 629 3314 estimato,
641 3264 709 3303 cum
728 3244 787 3304 illia
807 3242 935 3323 peditem
948 3262 1001 3302 suo
1013 3261 1081 3302 nen·
1095 3248 1183 3314 Polyb.

129 3340 246 3419 tiqwn
264 3338 571 3418 comparandum,'aed
593 3340 624 3397 in
642 3339 807 3420 elephantia
819 3350 851 3399 et
864 3339 1010 3419 equitibus
1023 3340 1092 3420 spei.

130 3433 293 3513 plurimum
314 3453 379 3492 erae
402 3432 526 3504 rideret,
548 3442 678 3493 cetemm
703 3455 769 3495 eam
795 3436 898 3495 virium
919 3444 1031 3515 partem
1055 3436 1085 3495 iu

130 3538 238 3609 aperto
257 3546 364 3609 campo
382 3527 600 3588 formidabilem
619 3528 760 3602 futuram,
781 3532 935 3611 iniquitate
956 3530 1086 3591 locomm

131 3624 257 3685 excludi
283 3621 477 3702 inutilemque
502 3622 597 3694 reddi,
624 3625 751 3685 stultitia
783 3626 908 3687 hostium
941 3628 1088 3705 sapienter

133 3741 212 3792 mue,
227 3720 399 3801 priuaquam
417 3738 542 3779 errorem
553 3739 638 3780 auum
653 3722 883 3783 animadvertere
896 3742 933 3782 ac
946 3723 1087 3799 corrigere

132 3824 266 3898 ponent,
277 3817 307 3874 in
321 3817 383 3875 auis
393 3816 498 3875 caetris
508 3834 560 3875 eoa
571 3836 740 3897 oppugnare
752 3820 863 3879 etamit.
897 3816 1087 3895 Quapropter

164 3966 524 4034 ‘hermunduritcomffl
542 3969 592 4020 Rc·
632 3971 677 4022 Sic
697 3973 839 4049 loquuntur
864 3968 956 4047 parrim
977 3969 1086 4019 Romani

133 4032 222 4097 gulum
243 4034 373 4098 intellige,
365 4034 490 4148 ,dui
462 4042 517 4085 tum
540 4048 592 4084 nun
632 4037 781 4101 rcriptorer.
806 4034 868 4087 viu.
878 4034 935 4084 Liv.
945 4032 1085 4083 l.xxv1..c

133 4096 373 4161 quidamcuurul,r
415 4099 592 4161 cumimperio
632 4104 674 4152 tt.
692 4103 763 4151 cm.

133 4162 275 4228 cumulari,
291 4176 339 4213 ceu
358 4163 592 4227 procumuleerat.
