2917 4767
466 406 539 454 nin.
562 404 676 454 xxrv.
697 404 780 454 cru.
800 388 854 455 35.
1118 388 1205 456 2049

110 550 296 632 Syracuse
320 552 426 625 erant,
452 545 889 630 proiectus'cartbaginem,
913 546 1133 631 adjutusqus⁷
1158 550 1205 613 ibi

110 660 152 716 et
173 653 218 716 ab
239 651 364 731 legatis
383 648 608 732 Hippocratis
631 650 806 733 literisque
827 648 1039 727 Hannibalis,
1064 650 1121 733 qui
1151 671 1206 715 ve-

110 755 210 818 nisse
230 758 363 834 tempus
385 752 497 815 aiebat
515 752 640 816 Sicilie
663 771 722 836 per
743 770 907 815 summum
929 750 1033 815 decus
1058 758 1207 836 repeten-

112 852 441 937 destillabant
464 871 572 917 vanus
593 872 745 936 praesens
768 852 909 917 monitor
930 852 1031 917 facile
1054 855 1207 936 perpule·

111 962 181 1032 rat,
205 961 252 1032 ut,
275 958 409 1035 quanta>
432 954 588 1020 maximas
622 958 772 1037 possent,
804 954 956 1036 peditum
991 955 1208 1039 equitumque

114 1057 228 1139 copiae
253 1056 286 1118 in
308 1054 458 1120 Siciliam
487 1055 733 1139 trajicerentur:
776 1052 973 1118 Adveniens
997 1054 1208 1133 Heracleam,

114 1158 207 1222 intra
228 1176 357 1242 pancos
382 1157 453 1221 dies
478 1155 556 1220 indo
579 1156 797 1239 Agrigentum
821 1158 976 1238 recipit:⁰
1001 1157 1209 1243 aliarumque

116 1260 315 1334 civitatium,
330 1276 407 1339 qnae
423 1257 529 1341 partis
542 1256 861 1339 Carthaginiensium
876 1264 979 1335 erant,
992 1257 1079 1322 adeo
1094 1278 1211 1324 accen·

116 1378 169 1423 sas
190 1365 269 1423 sunt
290 1378 372 1442 spes
392 1358 434 1422 ad
451 1358 627 1442 pellendos
646 1358 765 1424 Sicilia
780 1360 962 1438 Romanos,
984 1366 1021 1423 ut
1039 1370 1211 1442 postremo

116 1460 235 1537 etiarn,
257 1460 315 1541 qui
330 1457 570 1524 obsidebantur
587 1461 777 1551 Syracusis,
792 1462 920 1525 animos
940 1463 1146 1539 sustulerint,
1167 1468 1209 1539 ct,

116 1567 215 1642 parte
237 1560 409 1643 copiarum
431 1560 514 1624 satis
530 1560 662 1625 defendi
676 1562 789 1626 urbem
804 1581 908 1644 posse
926 1564 1001 1640 rati,
1016 1563 1063 1627 ita
1076 1564 1159 1629 iuter
1174 1585 1212 1629 se

116 1680 256 1725 munera
277 1661 357 1725 belli
377 1662 489 1744 pertiti
511 1664 591 1740 sint,
613 1670 652 1725 nt
673 1662 843 1746 Epicydes
869 1669 1028 1745 praeesset
1051 1663 1213 1731 custodiae

117 1761 227 1839 urbis,
236 1762 474 1844 Hippocrates,
487 1761 675 1827 Himilconi
691 1762 901 1846 conjunctus,
913 1765 1036 1829 bollum
1054 1764 1213 1831 adversus

118 1862 293 1926 consulem
319 1860 510 1927 Romanum
531 1869 668 1945 gereret.
712 1863 797 1929 Cum
818 1864 932 1929 decom
952 1866 1101 1930 millibus
1119 1868 1209 1951 pedi-

117 1969 205 2040 tum,
230 1962 419 2046 quingentis
432 1964 635 2044 equitibus,⁸
655 1969 753 2028 nocte
771 1984 831 2048 per
845 1967 1034 2031 intermissa
1053 1968 1214 2033 custodiis

118 2063 200 2126 loca
226 2062 409 2145 proiectus,
438 2070 551 2129 castra
583 2066 676 2130 circa
703 2065 875 2132 Acrillas⁹
900 2065 1037 2133 urbemd
1060 2070 1216 2152 ponebat.

120 2162 351 2228 Munientibus
372 2167 564 2246 supervenit
586 2165 781 2239 Marcellus,
797 2170 841 2233 eb
861 2168 1044 2252 Agrigento
1062 2172 1136 2253 jam
1160 2190 1215 2235 oc·

121 2269 261 2345 capeto,
275 2281 352 2326 cum
365 2262 486 2328 frustra
509 2283 550 2328 co
575 2269 757 2348 praevenire
782 2269 912 2333 hostem
931 2270 1095 2335 festinans
1115 2281 1217 2337 teten-

124 2362 241 2440 disset,
261 2363 411 2444 rediens3
433 2366 513 2429 nibil
536 2368 648 2433 minus
670 2376 775 2448 ratuS,
800 2390 897 2452 quem
921 2371 982 2435 illo
1006 2378 1154 2455 tempore
1176 2392 1217 2437 ac

123 2463 204 2527 loco
223 2464 468 2547 Syracusanum
485 2468 551 2530 sibi
566 2472 751 2533 exercitum
771 2472 905 2534 obviam
920 2471 1010 2551 sore3
1034 2473 1095 2537 sed
1110 2480 1218 2543 mmeu

125 2571 220 2629 metu
235 2564 439 2630 Himilconis
454 2566 703 2651 Poenorumque
723 2567 777 2651 (ut
799 2571 921 2651 quibus
942 2590 1153 2654 nequaquam
1168 2574 1219 2636 eis

581 2762 765 2784 ‘emmeno

128 2897 191 2941 ante
202 2892 369 2941 (irenen-tl
386 2892 446 2939 Caua
463 2892 539 2941 tntis
558 2893 632 2957 copiis
650 2892 718 2943 Edd.
736 2882 796 2942 unte
814 2891 977 2942 Gronov.-r
994 2890 1136 2953 Armaque
1153 2892 1221 2942 Edd.

126 2963 190 3004 ante
207 2956 316 3005 Gronov.
342 2956 466 3017 aditusque
485 2956 548 3005 blaa.
571 2957 745 3021 plerique—8
760 2957 835 3007 Voss.
855 2956 925 3006 (lud.
942 2956 1103 3019 equiturn—9
1118 2956 1223 3007 Accitur

128 3020 199 3070 Edd·
209 3028 271 3070 ente
282 3019 398 3069 Gronov.

620 3132 730 3183 Nom

130 3244 241 3307 corrigit
261 3243 378 3294 Gronov.
399 3257 433 3292 ex
452 3244 557 3307 optimis
578 3246 658 3295 libris.
697 3247 791 3308 Droga.
822 3244 972 3309 lblregtun
991 3258 1077 3293 urcem
1088 3243 1225 3293 munitissi-

129 3320 205 3371 Editi
230 3319 326 3368 babent
345 3334 490 3383 nequaqum
509 3322 659 3372 minatis
697 3335 763 3371 mam
785 3321 880 3371 Cocalo
898 3320 995 3370 stollis
1018 3322 1073 3382 regi
1097 3320 1226 3371 exstruxit

128 3396 214 3459 eopi'u,
224 3397 270 3445 sed
282 3410 314 3444 ex
325 3397 358 3445 iis
370 3411 426 3460 qne
435 3405 576 3461 sequuntur
586 3405 661 3463 patet
699 3396 832 3453 Daedalus,
844 3396 886 3446 cul
894 3410 987 3446 nomeu
1000 3395 1145 3460 Ourpbace,
1154 3404 1183 3448 ut
1193 3408 1227 3445 ox

129 3469 272 3534 majoribus
294 3484 362 3519 nunc
381 3471 462 3533 copiis
486 3472 659 3523 instructum:
699 3471 829 3522 Pausania
839 3471 945 3535 conjicit
955 3472 1061 3521 clover.
1079 3470 1181 3520 undem
1193 3470 1226 3521 ab

130 3548 171 3597 its
190 3553 220 3595 ut
235 3560 383 3609 nequaqam
401 3561 454 3595 curra
473 3549 568 3609 quaro
587 3548 661 3612 copiis
700 3546 849 3599 Hamilcare
859 3548 943 3597 Poeno
956 3544 1073 3597 funditus
1083 3560 1174 3597 svaran
1187 3543 1228 3594 fu·

129 3622 201 3672 idern
213 3622 249 3671 ait
258 3636 290 3671 ac
303 3636 352 3670 non
362 3636 419 3671 curu
431 3636 580 3674 annumero
590 3625 660 3688 eopi-
701 3632 830 3675 aratauno
841 3628 865 3674 l.
876 3622 1127 3687 Olympindirxcrrr.
1139 3637 1227 3671 rerum

132 3712 216 3759 urum,
226 3695 272 3746 red
283 3711 340 3746 cum
351 3696 453 3759 majori.
472 3699 574 3749 Etenim
586 3709 662 3749 antea
701 3702 843 3751 instaurata
861 3707 951 3764 postea
967 3697 1034 3747 fuit:
1051 3697 1179 3761 hodieque
1190 3697 1230 3747 iu·

132 3772 662 3836 adPacbyuipronrontorinrnexrccndare
704 3786 745 3827 ter
755 3776 923 3825 celeberrima
934 3773 1022 3825 insulas
1039 3772 1136 3833 oppida
1152 3771 1228 3820 brba·

132 3848 161 3897 in
172 3848 281 3897 iuratam
294 3862 370 3896 suurn
381 3862 432 3897 uon
443 3857 510 3899 erat.
704 3857 755 3909 tur,
771 3850 804 3898 ob
814 3848 908 3897 uirium
921 3845 1094 3910 frequentiam
1112 3852 1140 3894 et
1154 3859 1229 3907 ugro-

166 3930 179 3957 ⁶
193 3922 357 3984 mentam
373 3922 472 3987 recipit]
493 3922 663 3988 Agrlgenturn
702 3940 760 3976 rnru
771 3926 924 3974 ubertatem.

134 3996 199 4047 arur
210 3995 261 4046 tuit
278 3997 403 4059 opulenta
418 4004 447 4046 et
458 3998 580 4063 celebris,
591 4000 640 4049 Gr.
651 4002 665 4049 l
735 4000 748 4035 ὖ
763 3998 869 4049 Aer-illm
878 3998 971 4061 arbon]
984 3995 1075 4045 Acrillo
1085 3994 1140 4044 rire
1149 3994 1231 4046 Aeu-

132 4070 262 4136 Ἀκρί-γυ,
279 4072 356 4121 bodie
379 4072 514 4135 Gergsatir
537 4088 552 4123 a
574 4074 664 4125 Geloi·
703 4079 734 4127 lae
744 4076 868 4139 oppidum
879 4072 929 4123 fuit
942 4072 975 4120 nd
992 4077 1106 4120 anstrum
1118 4070 1230 4132 Syracu-

134 4147 244 4198 coudita
258 4147 291 4197 ad
307 4146 482 4211 Acnguuteur
500 4152 665 4213 amnem,qul
703 4164 798 4213 serum,
816 4149 894 4200 Acria
909 4146 975 4198 baud
996 4144 1096 4210 procul,
1111 4144 1179 4195 sorte
1197 4144 1230 4194 ad

109 4231 117 4244 ³
136 4232 166 4275 st
187 4224 245 4289 ipro
254 4224 332 4287 fluo
350 4222 378 4272 di
399 4224 526 4291 Garuli,
545 4234 574 4278 et
587 4228 665 4293 μιν
703 4224 868 4283 ueternum
