2917 4767
242 290 328 359 1670
707 298 746 345 r.
769 298 868 347 nrvrr

242 445 437 533 pmpnnite;
458 460 534 527 quur
547 446 636 507 terra
650 442 800 525 ararique
818 445 1035 525 perquatuur
1048 444 1083 507 et
1097 441 1221 525 viginti
1237 460 1364 508 annus

241 550 335 632 passi
354 546 440 611 sitia·
484 543 561 609 Neo
580 562 664 627 puer
677 542 732 607 bic
747 542 911 619 duxerat,
934 542 995 607 aad
1010 544 1194 627 pateripae
1210 543 1366 609 Hamil·

242 668 312 723 car,
327 646 419 711 Mars
432 646 526 723 alter,
538 650 578 709 at
591 645 647 708 isti
664 644 790 709 volunt·
833 644 903 707 Sed
926 649 1006 708 tune
1027 644 1202 720 'Parenta‘
1225 644 1269 710 id
1286 655 1364 722 est,

241 746 383 825 Italia‚¹⁸
404 767 472 813 unu
484 746 751 811 abstinueramus
763 765 811 809 ex
824 745 968 825 foedere3
990 747 1178 811 mantnano
1191 746 1365 829 Sagunto

241 866 312 915 auu
331 850 549 917 abstinemus.
595 844 762 911 Vicerunt
781 864 861 927 ergo
885 846 946 911 Dii
968 846 1214 929 homineaqna;
1237 857 1295 923 et,
1321 846 1363 910 id

243 950 368 1033 dequo
383 950 495 1015 verbis
517 949 760 1030 ambigebatur,
775 955 849 1013 ater
870 948 1021 1031 populun
1042 946 1157 1013 foedua
1179 949 1363 1029 rupisset,

240 1058 380 1117 eventus
390 1051 481 1129 belli,
493 1052 586 1117 velut
601 1069 721 1135 aequus
730 1050 853 1134 judex,
867 1050 957 1113 unde
966 1049 1026 1132 jus
1041 1050 1164 1127 ambat,
1185 1048 1221 1112 ei
1237 1048 1361 1113 vietu-

242 1154 324 1217 riam
354 1151 458 1217 dedit.
502 1152 699 1232 Carthagini
722 1171 813 1217 nunu
837 1150 1009 1215 Hannibal
1031 1151 1149 1215 vineas
1170 1154 1360 1230 turresque

241 1256 416 1322 admovet:
441 1253 653 1335 Carthaginis
680 1253 805 1318 moenia
818 1252 929 1336 quatit
953 1253 1075 1318 ariete.
1116 1252 1265 1333 Sagunti
1283 1253 1358 1315 rui-

240 1376 294 1421 are
316 1356 440 1440 (falsus
457 1355 585 1419 utinam
610 1359 705 1419 vates
728 1354 807 1431 mm)
825 1354 948 1419 matris
972 1356 1141 1437 capitibus
1170 1352 1357 1417 incident:

240 1464 504 1539 susceptumque
518 1474 597 1519 eum
612 1455 803 1538 Saguntinis
823 1455 951 1520 bellurn
967 1454 1158 1521 babendum
1172 1475 1256 1520 eum
1271 1454 1356 1517 Ro·

241 1558 349 1623 manis
376 1564 440 1621 est.
496 1556 667 1622 Dedemus
699 1576 777 1639 ergo
807 1557 1065 1640 Hannibaleml
1086 1558 1181 1622 dieat
1205 1554 1353 1637 aliquia.

242 1656 335 1732 Scio,
348 1676 457 1723 meam
471 1659 578 1723 levem
594 1678 671 1725 essa
686 1659 720 1723 in
734 1680 776 1724 ao
790 1659 1024 1724 anctoritatem
1037 1665 1174 1741 propter
1183 1663 1354 1739 paternae

242 1756 448 1823 inimicitias.
492 1760 561 1825 Sed
588 1768 621 1825 et
639 1760 867 1827 Hamilcarem
890 1778 933 1823 eo
953 1760 1086 1840 perisse
1107 1761 1242 1824 letatus
1257 1776 1350 1834 aum,-

242 1858 344 1939 quod,
359 1859 390 1923 si
404 1860 461 1923 ille
472 1862 609 1936 viveret,
626 1860 750 1925 bellum
758 1860 832 1941 jam
847 1879 927 1925 uam
942 1858 1107 1924 Rornanis
1119 1860 1348 1936 boberanum

242 1966 278 2023 et
292 1959 382 2025 huna
390 1960 558 2045 juvenem,
572 1970 733 2044 tanquam
747 1962 870 2025 suriam
883 1961 1063 2043 sanamque
1071 1961 1171 2045 hujus
1182 1959 1347 2036 belli,odi

698 2139 729 2159 00
732 2138 881 2159 0000000000

243 2251 309 2299 Not.
318 2250 445 2301 Van—18
462 2249 524 2299 ‘Sic
535 2250 601 2301 Mra.
618 2250 741 2313 plurimus
756 2252 922 2315 optimosque
938 2251 1020 2302 renuti
1034 2252 1165 2302 dedimaa.
1197 2249 1267 2301 aad.
1277 2257 1343 2300 vett.

242 2314 323 2362 Gran.
334 2322 361 2361 at
373 2312 448 2362 Creu.
460 2328 517 2362 uum
530 2314 593 2362 Mar.
606 2317 733 2364 nonnulli·
751 2314 800 2365 Srd
813 2316 915 2365 Tarento
925 2320 974 2363 tara
983 2316 1010 2364 ia
1021 2315 1104 2365 ltalia.
1138 2314 1271 2363 Drakrnb.
1284 2329 1341 2363 eum

243 2378 332 2440 pauoia
348 2376 413 2425 atu.
427 2376 476 2425 &a
488 2379 599 2434 Tur-rato,
614 2378 640 2426 id
650 2384 687 2428 eal
701 2378 787 2429 italia
820 2380 888 2430 Erat
903 2380 973 2429 eninr
989 2381 1017 2429 in
1032 2378 1141 2438 tudere,
1157 2387 1188 2428 at
1205 2380 1341 2441 Carthagi·

742 2518 849 2571 Nom

244 2614 405 2675 Drepanum,
426 2612 543 2675 ejusdem
569 2612 659 2664 inanire
680 2614 773 2663 urbem
815 2613 959 2664 [ΜΣΝ.

242 2692 407 2750 maritimam,
436 2706 543 2755 quaram
571 2706 629 2757 qua
658 2692 775 2755 hiiyhau
843 2696 857 2722 ¹
874 2690 1032 2755 Erycemque]
1047 2692 1107 2742 Hae
1117 2692 1337 2744 nominenomet

243 2766 361 2829 proxima
380 2764 476 2829 ilignea
492 2769 546 2817 rire
565 2768 690 2830 Capraria
701 2767 773 2816 dice·
813 2764 937 2828 oppidum
949 2764 1021 2815 fuera
1032 2767 1058 2815 in
1070 2767 1176 2834 Sieiliaj
1192 2768 1241 2817 hoc
1255 2769 1334 2818 tribua

242 2842 330 2903 hamt,
337 2856 404 2892 nune
412 2842 634 2907 Furiarumque
641 2856 674 2890 ex
681 2842 772 2892 adrer-
812 2840 1007 2904 cirritrranpra
1022 2842 1176 2905 Drepanum
1191 2844 1336 2894 milliaribus

243 2931 270 2965 ro
283 2916 400 2983 Drepani
417 2916 578 2967 Phorbantia
588 2932 633 2967 sen
646 2918 773 2980 Bucinna,
811 2916 838 2965 lu
851 2917 949 2966 verlice
959 2919 1063 2982 muntia,
1074 2920 1118 2981 qui
1128 2917 1266 2968 altitudine
1276 2922 1336 2969 nulii

241 2988 450 3042 tradicionem:
466 3006 523 3055 qua
534 2994 571 3041 hia
582 2992 773 3043 meridionaiior
811 2993 838 3042 in
851 2999 908 3041 tota
918 2992 1005 3041 Stadia
1015 3001 1190 3057 preterquam
1200 2994 1283 3044 AEtnar
1293 3010 1333 3045 oe·

243 3066 475 3127 etoeeidentalinr,
487 3067 629 3121 literatius
639 3068 772 3125 Sacram
811 3066 875 3115 dita
908 3066 945 3115 ibi
962 3064 1013 3115 init
1031 3068 1254 3130 opalentiaalmuur
1274 3076 1335 3120 tear·

242 3149 302 3203 post
326 3140 469 3203 Maritima,
487 3151 514 3191 et
533 3143 610 3192 hodie
629 3142 772 3192 Martiam.
811 3144 883 3205 pium
894 3142 1004 3191 Veneria
1015 3142 1146 3207 Erycina,
1164 3144 1256 3207 daque
1270 3148 1331 3195 Noa·

243 3217 318 3267 luter
331 3218 435 3269 llierarn
451 3226 478 3268 et
498 3220 616 3283 AEgrrram
636 3220 772 3269 committo
811 3224 852 3266 ter
862 3216 907 3265 lib.
923 3229 973 3267 vra.
989 3230 1049 3281 cap.
1064 3220 1090 3267 t.
1113 3216 1193 3266 Hune
1212 3219 1293 3270 iocum
1304 3223 1331 3270 la

244 3292 328 3341 navah
340 3294 429 3355 praiio
443 3295 562 3345 Lutatius
574 3296 664 3344 contai
678 3294 772 3343 Roma·
810 3292 903 3343 Juniua
914 3292 1015 3355 canani,
1033 3294 1148 3357 quamvis
1164 3295 1256 3344 amiaaa
1275 3310 1332 3347 nau·

242 3382 291 3416 una
309 3371 416 3417 cinerem
437 3369 575 3417 Poennrurn
592 3370 665 3429 vicit,
682 3368 772 3433 hrgato
811 3370 993 3433 fragioolaaae,
1000 3370 1140 3434 occuparit
1148 3371 1244 3433 duplici
1252 3375 1333 3434 prati·

243 3443 371 3495 Hannone
392 3444 469 3505 duee,
488 3443 612 3493 demersit
632 3445 772 3495 Poenorum
811 3445 867 3506 din,
878 3446 959 3495 altaro
970 3444 1004 3493 ad
1015 3445 1117 3496 radices
1128 3449 1330 3499 mondrraiioea·

244 3516 431 3581 quinquaginta
443 3518 560 3577 naribua,
570 3518 654 3582 captia
668 3528 772 3581 reptata⁴
813 3528 850 3583 to,
861 3523 1014 3571 alternuero
1022 3523 1048 3572 iu
1058 3524 1171 3573 vertier:
1189 3531 1265 3589 atque
1274 3528 1328 3576 urba

243 3592 326 3653 ginta,
336 3600 427 3642 etcum
440 3592 470 3642 iia
482 3594 687 3656 ampiinadeeara
698 3596 772 3646 milii·
813 3598 983 3648 munitissima
1004 3606 1033 3649 et
1054 3600 1115 3649 ritu‘
1126 3600 1329 3665 irrrapngaablilr,

243 3666 290 3717 but
301 3668 441 3731 hominum,
449 3678 477 3718 nt
485 3670 578 3734 Polyb.
591 3679 618 3721 et
629 3670 694 3720 Zau.
706 3672 774 3721 rete·
814 3674 892 3736 paulo
905 3681 961 3735 pout
974 3675 1073 3726 Lutatii
1086 3676 1231 3733 victoriam,
1248 3678 1326 3727 iulio·

245 3750 399 3791 rumenam
413 3744 773 3798 Ororinanamernmabiiiia
811 3761 945 3797 manorum
967 3750 1038 3799 venit
1063 3758 1230 3814 potestatem.
1261 3754 1326 3803 Mona

244 3818 375 3881 proditum
384 3827 463 3883 auget
474 3824 622 3886 :atquehoe
632 3824 772 3887 praiioinr·
811 3822 890 3873 bodie
901 3822 1008 3887 dicitnr,
1025 3825 1111 3877 iduato
1120 3826 1147 3875 di
1155 3825 1231 3875 Scato
1242 3828 1323 3879 Gialir·

244 3894 345 3955 pnaitua
358 3896 440 3959 prrimn
453 3896 520 3947 bello
537 3898 636 3947 Punico
647 3896 705 3945 finit
719 3896 774 3947 iae·
811 3914 858 3958 ao,·
876 3901 935 3949 urba
946 3915 1008 3952 raro
1021 3903 1173 3966 lhapraidd
1184 3905 1269 3955 Mora

246 3974 307 4018 rat:
336 3978 493 4034 mactatoque
523 3972 666 4038 Hamilcar,
693 3982 772 4023 antea
844 3976 990 4042 murena]
1014 3979 1049 4029 V.
1066 3979 1139 4044 Epit.
1156 3978 1203 4029 lib.
1223 3994 1278 4033 aar.
1297 3991 1321 4033 rt

245 4044 383 4097 Poenorum
394 4045 457 4107 dua,
469 4048 702 4113 Sieiliaexoedere,
712 4064 770 4113 gra-
812 4049 890 4101 Orus.
899 4064 937 4101 tv.
948 4054 974 4104 8.

245 4134 344 4187 reaque
358 4122 430 4185 pacis
450 4124 520 4191 teger
545 4126 673 4191 accipere,
701 4140 769 4177 auno
