2917 4767
471 425 547 474 nra.
572 422 689 475 xxrr.
711 424 795 473 cur.
817 404 873 475 22.
1140 404 1228 473 2023

82 583 182 649 nibil
201 584 247 649 in
265 584 398 651 talibus
410 584 512 649 rebus
524 590 578 648 est
590 582 750 669 ceterius)
777 583 836 649 sed
852 582 988 648 nuntius
1004 580 1103 647 etiam
1118 598 1163 645 cx
1177 602 1228 646 re·

86 688 161 770 giis
180 688 323 753 servis.
367 686 488 770 Itaque
505 685 770 751 Andranodorus
792 692 824 751 et
849 684 1001 750 Insulam
1019 690 1053 749 et
1069 703 1180 749 arcem
1197 691 1231 750 et

86 789 180 868 alia,
198 808 296 874 quae
320 794 465 872 poterat,
481 784 626 871 quemue
652 792 847 870 opportuna
869 794 974 864 eraut,
994 786 1162 869 praesidiis
1176 786 1230 850 fir·

86 898 234 957 marat.
289 887 502 974 Hexapylol
523 888 720 953 Theodotus
746 908 787 952 ac
812 888 910 952 Sosis
936 896 1017 972 post
1033 888 1116 952 solis
1132 904 1231 952 occa·

89 1010 177 1055 sum
188 990 277 1075 jam
292 994 441 1056 obscura
454 992 530 1055 luce
547 992 767 1068 invecti,cum
784 998 954 1055 cruentam
964 990 1090 1072 regiam
1103 998 1230 1055 vestem

92 1101 212 1176 atque
226 1093 368 1176 insigne
382 1094 506 1177 cupitis
521 1100 735 1167 ostentarent,
753 1093 891 1158 travecti
907 1110 970 1175 per
983 1091 1161 1175 ‘Tycham'
1186 1091 1231 1155 si·

91 1195 176 1258 mul
204 1196 259 1259 ad
288 1197 490 1273 libertatem,
516 1196 619 1261 simul
641 1195 684 1261 ad
706 1216 800 1260 arma
814 1200 985 1272 vocantes,
1009 1196 1041 1258 iu
1068 1190 1231 1256 Achradi-

95 1303 208 1359 nam²
223 1301 408 1361 convenire
422 1296 557 1381 jubent.
603 1296 805 1375 Multitudo,
820 1316 901 1380 pars
918 1297 1082 1380 procurrit
1097 1296 1130 1359 in
1148 1294 1233 1369 vias,

96 1406 213 1481 pars³
242 1398 283 1461 in
299 1399 478 1463 vestibulis
501 1405 585 1472 stat,
611 1416 693 1482 pars
716 1416 763 1461 ex
787 1398 888 1464 tectis
908 1396 1129 1480 fenestrisque
1158 1412 1231 1476 pro·

98 1506 289 1582 spectant,
312 1506 359 1577 et,
374 1500 454 1583 quid
475 1502 523 1566 rei
538 1501 598 1578 sit,
622 1502 782 1583 rogitant.
827 1499 951 1565 Omnia
966 1499 1148 1563 luminibus
1164 1496 1235 1561 col-

99 1600 244 1676 lucent,
264 1602 475 1685 strepituque
490 1602 586 1666 vario
600 1602 822 1685 complentur.
869 1600 997 1666 Armati
1018 1600 1103 1664 locis
1117 1605 1236 1682 paten-

104 1702 209 1765 tibus
240 1709 501 1785 cougreguntur.
555 1703 702 1767 inermes
728 1720 774 1766 ex
804 1700 957 1785 Olympii
985 1701 1084 1766 lovis
1109 1700 1235 1782 templo

105 1805 233 1886 spolia
263 1803 438 1869 Gallorum
460 1804 728 1887 Illyriorumque,
749 1802 837 1868 dono
861 1803 938 1869 data
962 1802 1104 1867 Hieroni
1130 1820 1151 1865 a
1173 1818 1231 1884 pe·

106 1904 202 1987 pulo
219 1902 386 1969 Romano
402 1906 539 1989 fixaque
558 1907 604 1969 ab
624 1924 678 1983 eo,
699 1905 887 1983 detrabunt,
906 1912 1083 1991 precantes
1101 1903 1236 1982 lovem,

107 2012 150 2069 ut
164 2006 299 2072 volens
324 2008 492 2090 propitius
516 2008 667 2090 praebeat
691 2026 791 2071 sacra
810 2026 918 2084 arma,
942 2025 1003 2090 pro
1027 2007 1151 2089 patria,
1175 2025 1237 2088 pro

111 2107 240 2172 Deum
258 2108 416 2185 delubris,
433 2126 494 2191 pro
514 2108 670 2171 libertate
685 2127 763 2172 sese
787 2108 1003 2173 armantibus.
1048 2106 1140 2171 Haec
1155 2125 1237 2190 quo·

112 2230 185 2292 que
213 2210 412 2287 multitudo,
435 2209 634 2273 stationibus
660 2227 722 2290 per
747 2209 921 2292 principes
947 2210 1115 2290 regionum
1143 2208 1238 2273 urbis

115 2310 318 2395 dispositis,
334 2312 537 2395 adjungitur.
582 2309 624 2373 In
637 2309 767 2388 Insula,
777 2311 864 2375 inter
879 2316 1004 2388 cetera,
1015 2309 1239 2375 Andranodo·

115 2431 179 2476 rus
194 2415 373 2497 praesidiis
387 2413 498 2477 firmet
512 2413 631 2477 horrea
645 2412 792 2495 publica.
830 2412 956 2490 Locus,
968 2432 1055 2477 saxo
1071 2412 1239 2495 quadrato

118 2523 253 2597 septus
277 2523 380 2599 atque
402 2515 490 2578 arcis
504 2516 540 2578 in
556 2514 697 2578 modum
712 2516 894 2590 emunitue,
908 2516 1041 2597 eapitur
1065 2514 1109 2577 ab
1120 2513 1239 2595 juveu-

120 2619 210 2693 tute,
226 2637 307 2702 quae
324 2618 488 2701 praesidio
499 2616 572 2700 ejus
585 2616 655 2680 loci
671 2615 831 2679 attributa
845 2624 926 2691 erat,
942 2618 1144 2696 mittuntque
1159 2634 1239 2676 nun-

121 2716 197 2781 tios
213 2719 252 2782 in
274 2715 514 2795 Achradinam,
529 2718 649 2782 horrea
662 2716 931 2799 frumentumque
956 2717 991 2780 in
1018 2721 1156 2781 senatus
1179 2736 1241 2799 po-

124 2826 257 2884 testate
269 2839 355 2883 esse.

169 2920 229 2985 22.
253 2920 348 2985 Luce
371 2921 479 3003 prima
500 2920 652 3002 populus
673 2920 783 2983 omnis
808 2925 958 2984 armatus
981 2918 1182 3001 inermisque
1204 2918 1241 2981 in

125 3018 359 3085 Achradinam
383 3021 425 3085 ad
447 3024 571 3086 curiam
594 3022 764 3085 convenit.
809 3020 864 3085 Ibi
880 3040 941 3105 pro
957 3018 1240 3097 Concordiaeara,

128 3124 264 3206 quaein
279 3142 320 3187 eo
335 3124 403 3187 sita
422 3124 501 3187 loco
519 3132 602 3198 erat,
616 3144 661 3187 err
684 3124 895 3207 principibus
915 3141 1002 3187 unus
1025 3122 1159 3185 nominc
1175 3120 1242 3185 Po·

128 3224 290 3306 lyaenos⁴
304 3226 498 3290 concionem
513 3233 548 3290 et
560 3226 701 3289 liberam
713 3231 749 3287 et
764 3222 971 3289 moderatam
985 3222 1123 3287 habuitr
1146 3222 1243 3286 ‘Ser-

134 3518 199 3561 aute
220 3512 386 3563 (irenem-1
403 3512 445 3562 ΑΙ.
460 3512 558 3562 l'lrr'cmn
570 3518 598 3563 et
610 3512 752 3562 dicum—2
770 3510 813 3563 ΑΙ.
832 3509 1033 3561 acredinem-t
1050 3509 1058 3537 ⁴
1072 3506 1143 3558 Add.
1159 3508 1245 3558 oediruu

133 3576 205 3628 Edd.
220 3584 282 3627 aute
296 3578 376 3626 bruk.
411 3578 464 3627 Sed
476 3580 577 3627 mallem
589 3578 668 3627 etiam
683 3581 889 3643 precurramus.
899 3574 985 3627 stant!
1000 3576 1100 3625 Stretlr.

137 3833 257 3895 civitate,
275 3832 451 3900 impositoque
470 3835 545 3883 nutus
561 3849 594 3883 ea
608 3833 673 3883 tilia·
715 3832 805 3883 lurula
823 3832 1009 3894 Syracusarum
1033 3830 1139 3892 proprie
1153 3841 1245 3880 nomeu

138 3908 189 3959 bns
207 3911 320 3960 nemine.
357 3910 443 3959 Hodie
459 3911 551 3959 Siculis
563 3910 674 3959 sinon
715 3908 1156 3977 tulit‚junctaqneeratponteennr
1165 3902 1246 3953 Acra-

139 3984 244 4049 dicitur,
257 3986 382 4050 Hispanis
397 3984 588 4035 dominantibus
600 3985 674 4035 Seru·
715 3985 785 4033 diur-
819 3982 869 4031 His
889 3988 1000 4045 quatuor
1018 3980 1136 4043 partibor
1156 3978 1247 4042 adjici·

138 4075 219 4121 eom.
252 4064 293 4112 Ex
314 4070 426 4125 quatuor
447 4061 553 4110 urbibus
574 4068 676 4111 cousta-
715 4067 792 4108 untur
803 4057 929 4122 Epipolas,
942 4070 1000 4121 qun
1018 4070 1078 4119 pars
1094 4054 1177 4104 instar
1186 4056 1246 4104 rub·

140 4135 198 4199 bat,
209 4152 240 4186 ea
251 4152 345 4201 nempe
356 4152 415 4202 quar
427 4137 517 4186 lunula
529 4135 674 4195 dicebatur,
715 4134 792 4183 urbii.

142 4210 283 4275 Acradina,
308 4215 347 4276 (in
373 4227 424 4277 qua
451 4212 576 4275 ternplum
601 4212 676 4264 Jorir
748 4209 917 4273 discerpere]
935 4206 1113 4259 Portsiuitin
1128 4214 1246 4273 superte

143 4286 281 4356 Olympia)
295 4290 392 4355 hebo,
403 4294 432 4339 et
443 4288 564 4354 Neapoli.
590 4288 674 4339 Porro
715 4302 773 4353 qua
788 4288 865 4353 lustr
876 4284 1020 4337 dicebatur.
