2917 4767
254 370 343 437 0004
724 384 760 433 ι.
784 386 879 435 ιιιιι

256 533 433 617 ἰιιιιιιιιῐιιι,·1
450 529 528 613 pius
549 528 651 593 solito
674 536 906 596 converterunt
927 532 962 595 iu
978 550 1015 596 se
1038 532 1191 598 civitatis
1214 535 1361 598 animos.

258 632 378 697 Multis
390 633 480 695 enim
495 631 593 695 anuis
615 630 685 695 tale
700 632 876 697 consulum
892 650 955 715 par
969 652 1037 697 non
1052 633 1170 699 iuerat.
1215 632 1363 701 Resera-

243 730 337 797 'bent
361 752 470 810 senes,
493 734 543 797 sic
565 730 755 797 Maximum
782 731 921 799 Rullum
934 740 984 771 ¹⁰¹
1010 754 1086 799 cum
1112 736 1152 800 P.
1175 735 1289 803 Decio
1314 737 1363 801 ad
1445 784 1446 789 1

258 834 380 898 bellum
397 834 578 912 Gallicum,
591 835 643 900 sic
656 840 779 918 postea
793 835 967 919 Papirium
979 835 1232 921 Carviliumque
1241 838 1363 902 adver*

258 956 317 999 sus
326 936 491 1001 Samnites
504 936 719 1020 Bruttiosque
728 942 766 1000 et
775 936 951 1002 Lucanum
962 956 1041 1002 cum
1053 936 1240 1001 Tarentino
1251 958 1361 1022 popu-
1446 1013 1447 1045 1

257 1036 340 1117 lum,
356 1038 514 1103 consules
525 1038 727 1103 declaratos.
772 1036 908 1103 Absens
924 1038 1109 1104 Marcellus
1120 1040 1244 1103 consul
1267 1058 1362 1105 crea-
1446 1064 1447 1123 ι

258 1145 326 1218 tus,
342 1158 419 1205 com
440 1140 483 1203 ed
505 1139 691 1205 exereitum
706 1147 819 1220 esset;
842 1142 1001 1223 presenti
1026 1140 1149 1217 Fabio,
1164 1146 1269 1224 atquo
1284 1142 1361 1225 ipso

258 1239 395 1306 comitia
409 1240 560 1318 habente,
580 1240 779 1307 consulatus
798 1241 1042 1333 continuatus.¹
1067 1241 1221 1324 Tempus
1243 1260 1289 1306 ac
1301 1262 1361 1307 ue-

252 1342 398 1406 ·cessitas
411 1340 493 1405 belli
507 1361 550 1407 ac
564 1342 744 1407 discrimen
757 1360 899 1407 summm
913 1360 1021 1407 rerum
1034 1342 1218 1420 iaciebant,
1229 1362 1273 1407 ne
1284 1346 1361 1427 quis

258 1443 374 1507 autin
398 1440 594 1526 exemplum
620 1445 839 1526 exquireret:
864 1451 925 1509 aut
945 1450 1140 1528 suspectum
1160 1444 1362 1529 cupiditatis
1447 1474 1448 1523 r

257 1543 390 1627 imperii
410 1544 586 1610 consulem
603 1544 754 1613 haberet.
799 1545 896 1625 Quin
910 1546 1092 1613 laudabant
1107 1547 1222 1628 potius
1234 1548 1364 1627 magni·

259 1645 409 1710 tudinem
433 1648 548 1724 animi,
570 1647 675 1731 quod,
693 1668 772 1713 cum
795 1666 927 1713 summo
951 1648 1156 1730 imperatore
1170 1666 1246 1711 esse
1269 1666 1359 1729 opus

259 1748 306 1811 rei
326 1748 471 1831 publice
492 1749 606 1826 sciret,
625 1768 728 1831 seque
751 1768 828 1813 eum
842 1748 933 1813 haud
948 1748 1052 1814 dubie
1065 1759 1170 1825 esse:
1180 1756 1205 1786 ¹¹
1220 1747 1360 1811 minoris

259 1848 419 1914 iuvidiam
437 1870 545 1929 suam,
560 1852 591 1920 si
605 1869 671 1937 qua
684 1871 731 1917 ex
744 1857 770 1892 ¹²
785 1870 820 1917 re
834 1852 987 1929 oriretur,
999 1868 1100 1937 qnam
1111 1849 1297 1915 utilitatem
1312 1850 1362 1913 rei

259 1951 415 2033 publica,
434 1951 581 2019 iecisset.

303 2053 356 2116 10.
379 2053 459 2132 Quo
481 2052 537 2117 die
558 2052 791 2135 magistratum
812 2051 952 2118 inierunt
973 2052 1142 2129 consules,
1165 2060 1309 2118 senatus
1328 2054 1362 2118 in

260 2152 430 2238 Capitolio
454 2160 508 2220 est
529 2156 685 2219 habitunt
707 2153 943 2236 decretumque
968 2154 1117 2218 omnium
1142 2154 1303 2235 primum,
1326 2161 1364 2219 ut

259 2257 415 2321 consules
431 2256 625 2322 sortirentur
637 2257 911 2339 compararentue
921 2255 1009 2319 inter
1019 2274 1068 2333 se,
1079 2260 1152 2319 uter
1164 2257 1364 2321 censoribus

260 2357 410 2421 creandis
425 2358 566 2423 comitia
579 2355 718 2421 haberet
739 2354 847 2438 prius,
863 2374 965 2439 quam
988 2355 1032 2420 ad
1054 2354 1239 2420 exercitum
1261 2357 1365 2439 proti·

261 2458 454 2524 eieceretur.
497 2458 723 2539 Prorogatum
737 2456 858 2522 deiude
871 2458 1045 2540 imperium
1060 2458 1229 2535 omnihus,
1241 2460 1304 2541 qui
1320 2459 1364 2523 ad

260 2559 427 2624 exercitus
440 2566 544 2638 erant,
555 2559 711 2644 jussique
722 2560 756 2623 in
770 2558 955 2642 provinciis
966 2576 1108 2634 manere,
1118 2557 1173 2621 Ti.
1184 2558 1365 2625 Gracchus

261 2661 425 2740 Luceriae,
449 2664 507 2727 ubi
534 2682 610 2727 cum
633 2661 791 2726 uolonum
820 2662 974 2726 exercitu
1003 2664 1085 2737 erat,
1115 2658 1155 2724 G.
1183 2660 1365 2727 Terentius

262 2763 372 2831 Varro
402 2766 436 2829 iu
460 2784 538 2847 agro
564 2764 703 2840 Plceuo,
730 2760 791 2828 Μ’.
815 2762 1025 2845 Pomponius
1052 2764 1085 2825 in
1115 2760 1264 2827 Gallico.
1310 2762 1364 2827 Ex

263 2867 463 2950 praetoribus
478 2866 598 2950 prioris
613 2864 692 2930 anni
703 2871 728 2911 ¹³
744 2884 804 2947 pro
820 2872 966 2947 praetore
982 2861 1027 2940 Q.
1043 2861 1182 2926 Mucius
1192 2868 1220 2910 ¹4
1232 2864 1365 2928 obtine-

264 2976 313 3033 ret
328 2969 529 3045 Sardiniam,
549 2968 600 3032 M.
616 2966 776 3031 Valerius
791 2966 835 3031 ad
852 2965 1068 3031 Brundisium
1082 2984 1150 3029 oroe
1173 2964 1362 3044 maritime,

263 3068 414 3133 intentus
428 3070 588 3135 adversos
601 3086 718 3132 omnes
727 3070 840 3132 motus
855 3065 1007 3149 Philippi
1018 3063 1246 3130 Macedonum
1262 3069 1363 3150 regis,

292 3233 453 3348 ‘uoistsdqrt
470 3235 594 3299 psam
611 3234 734 3298 quam
750 3232 882 3296 inquireret
899 3231 926 3280 in
944 3230 1060 3291 eje-od
1070 3230 1175 3294 suem,
1191 3233 1256 3282 aaut
1274 3232 1300 3281 in
1311 3247 1361 3283 rest

265 3313 308 3396 m:
325 3300 487 3414 wacon
496 3376 545 3414 m
554 3361 698 3425 Mundi,
707 3374 789 3425 nem
799 3374 914 3411 um
924 3359 1101 3423 imperatorem.

723 3501 857 3524 ΙΙΙΙΙ
859 3501 904 3522 m

265 3585 653 3645 munientesmEdd.
664 3595 726 3639 sote
738 3588 853 3639 Gronov.
870 3584 932 3637 tid.
946 3585 1009 3634 Not.
1020 3581 1132 3634 int-1⁰
1148 3583 1234 3634 ΒΗ.
1245 3584 1365 3636 flantis·

264 3648 334 3777 ἕξ
342 3656 444 3778 :citatae
443 3651 614 3766 ἒιιιῐιζιειὶιιιιὲ)
616 3652 772 3768 dwersaie.
770 3668 858 3767 ⁰nlt‘
833 3652 971 3777 Ειῗιιιηο
978 3662 1114 3775 magn
1126 3726 1168 3762 um
1180 3658 1367 3779 bitumum

264 3730 523 3895 Βῗξωῦοιιῧιῦἳὲ.
534 3849 558 3896 et
575 3844 609 3917 Ρ.
625 3843 791 3909 piorum.
825 3844 895 3907 Lege
912 3842 1002 3907 igitur.
1021 3844 1045 3891 et
1060 3844 1176 3904 pratum
1189 3841 1366 3906 finienti?

766 3986 874 4039 NOTAE

300 4085 316 4114 ¹
333 4084 366 4134 Α.
376 4085 411 4135 U.
422 4085 453 4135 0.
470 4090 529 4138 stt.
833 4086 873 4137 sni
885 4099 910 4135 r.
924 4083 974 4134 fuit
986 4096 1027 4132 ιιι.
1039 4086 1096 4135 tet.
1108 4096 1165 4132 eum
1177 4080 1275 4134 Publio
1283 4082 1366 4136 Decio

300 4166 311 4191 ²
325 4158 460 4210 nrum
479 4162 589 4227 muse]
603 4160 687 4212 Immo
701 4160 735 4214 Q.
748 4160 798 4211 Ρι-
832 4160 910 4213 Mare
920 4173 960 4212 tv.
969 4158 1014 4209 tib.
1024 4170 1052 4209 x.

268 4235 339 4291 bium
350 4236 493 4289 Maximum
504 4239 662 4305 Rattiauum,
676 4239 722 4306 qui
737 4252 799 4290 cou-
